,Time,event,Ask Price 1,Bid Price 1,Ask Price 2,Bid Price 2,BidDiff,AskDiff,BidDiff2,AskDiff2,Date
0,0.14044968736061159,lo_inspread_Ask,45.01,44.97,45.02,44.96,,,,,4
1,0.14045323977994978,lo_inspread_Ask,45.0,44.97,45.01,44.96,0.0,-0.00999999999999801,0.0,-0.010000000000005116,4
2,0.14048838881414313,lo_inspread_Ask,44.99,44.97,45.0,44.96,0.0,-0.00999999999999801,0.0,-0.00999999999999801,4
3,0.14051326525994853,co_top_Ask,45.0,44.97,45.01,44.96,0.0,0.00999999999999801,0.0,0.00999999999999801,4
4,0.14063447493609618,lo_inspread_Ask,44.99,44.97,45.0,44.96,0.0,-0.00999999999999801,0.0,-0.00999999999999801,4
5,0.14064535520105786,lo_inspread_Ask,44.98,44.97,44.99,44.96,0.0,-0.010000000000005116,0.0,-0.00999999999999801,4
6,0.14582322085334673,co_top_Ask,44.99,44.97,45.0,44.96,0.0,0.010000000000005116,0.0,0.00999999999999801,4
7,0.14609002577123814,co_top_Ask,45.0,44.97,45.01,44.96,0.0,0.00999999999999801,0.0,0.00999999999999801,4
8,0.14622965880398675,co_top_Ask,45.0,44.97,45.01,44.96,0.0,0.0,0.0,0.0,4
9,0.14920399464257278,lo_inspread_Ask,44.99,44.97,45.0,44.96,0.0,-0.00999999999999801,0.0,-0.00999999999999801,4
10,0.14933030381379056,lo_inspread_Ask,44.98,44.97,44.99,44.96,0.0,-0.010000000000005116,0.0,-0.00999999999999801,4
11,8.52136190104302,co_top_Bid,44.98,44.97,44.99,44.96,0.0,0.0,0.0,0.0,4
12,8.521417130568578,co_top_Bid,44.98,44.97,44.99,44.96,0.0,0.0,0.0,0.0,4
13,8.521419479901583,lo_top_Bid,44.98,44.97,44.99,44.96,0.0,0.0,0.0,0.0,4
14,8.521459888019846,lo_top_Bid,44.98,44.97,44.99,44.96,0.0,0.0,0.0,0.0,4
15,8.521703280698937,lo_top_Bid,44.98,44.97,44.99,44.96,0.0,0.0,0.0,0.0,4
16,8.529212023410562,lo_top_Bid,44.98,44.97,44.99,44.96,0.0,0.0,0.0,0.0,4
17,8.52961701213898,lo_top_Bid,44.98,44.97,44.99,44.96,0.0,0.0,0.0,0.0,4
18,8.529792151780683,co_top_Bid,44.98,44.97,44.99,44.96,0.0,0.0,0.0,0.0,4
19,8.529822664373938,co_top_Bid,44.98,44.97,44.99,44.96,0.0,0.0,0.0,0.0,4
20,8.52987489130831,co_top_Bid,44.98,44.97,44.99,44.96,0.0,0.0,0.0,0.0,4
21,8.53015405562179,lo_top_Bid,44.98,44.97,44.99,44.96,0.0,0.0,0.0,0.0,4
22,8.530191896917863,co_top_Bid,44.98,44.97,44.99,44.96,0.0,0.0,0.0,0.0,4
23,8.530206642180959,co_top_Bid,44.98,44.97,44.99,44.96,0.0,0.0,0.0,0.0,4
24,8.530285801230844,mo_Bid,44.98,44.97,44.99,44.96,0.0,0.0,0.0,0.0,4
25,8.530353631574574,lo_top_Bid,44.98,44.97,44.99,44.96,0.0,0.0,0.0,0.0,4
26,8.530355159435484,co_top_Bid,44.98,44.97,44.99,44.96,0.0,0.0,0.0,0.0,4
27,8.530485952263284,lo_top_Bid,44.98,44.97,44.99,44.96,0.0,0.0,0.0,0.0,4
28,8.530584306333346,lo_top_Bid,44.98,44.97,44.99,44.96,0.0,0.0,0.0,0.0,4
29,8.530634490866278,co_top_Bid,44.98,44.97,44.99,44.96,0.0,0.0,0.0,0.0,4
30,8.530636492298322,lo_top_Bid,44.98,44.97,44.99,44.96,0.0,0.0,0.0,0.0,4
31,8.53067629849692,co_deep_Bid,44.98,44.97,44.99,44.96,0.0,0.0,0.0,0.0,4
32,8.530718888100944,lo_top_Bid,44.98,44.97,44.99,44.96,0.0,0.0,0.0,0.0,4
33,8.530841392317711,co_top_Bid,44.98,44.97,44.99,44.96,0.0,0.0,0.0,0.0,4
34,8.530849033471165,lo_top_Bid,44.98,44.97,44.99,44.96,0.0,0.0,0.0,0.0,4
35,8.530874560832888,co_top_Bid,44.98,44.97,44.99,44.96,0.0,0.0,0.0,0.0,4
36,8.53093855010734,lo_top_Bid,44.98,44.97,44.99,44.96,0.0,0.0,0.0,0.0,4
37,8.530940292101707,co_deep_Bid,44.98,44.97,44.99,44.96,0.0,0.0,0.0,0.0,4
38,8.530969612761995,lo_top_Bid,44.98,44.97,44.99,44.96,0.0,0.0,0.0,0.0,4
39,8.530973511075304,co_top_Bid,44.98,44.97,44.99,44.96,0.0,0.0,0.0,0.0,4
40,8.531021372074946,co_top_Bid,44.98,44.97,44.99,44.96,0.0,0.0,0.0,0.0,4
41,8.531069446072573,co_deep_Bid,44.98,44.97,44.99,44.96,0.0,0.0,0.0,0.0,4
42,8.531288460946838,co_deep_Bid,44.98,44.97,44.99,44.96,0.0,0.0,0.0,0.0,4
43,8.531345239427926,co_deep_Bid,44.98,44.97,44.99,44.95,0.0,0.0,-0.00999999999999801,0.0,4
44,8.53135779895378,lo_top_Bid,44.98,44.97,44.99,44.95,0.0,0.0,0.0,0.0,4
45,8.531475505155006,lo_top_Bid,44.98,44.97,44.99,44.95,0.0,0.0,0.0,0.0,4
46,8.531540578022776,co_top_Bid,44.98,44.97,44.99,44.95,0.0,0.0,0.0,0.0,4
47,8.531556780733064,co_top_Bid,44.98,44.97,44.99,44.95,0.0,0.0,0.0,0.0,4
48,8.531587074627177,mo_Bid,44.98,44.97,44.99,44.95,0.0,0.0,0.0,0.0,4
49,8.531637818513412,lo_top_Bid,44.98,44.97,44.99,44.95,0.0,0.0,0.0,0.0,4
50,8.531864022043047,co_top_Bid,44.98,44.97,44.99,44.95,0.0,0.0,0.0,0.0,4
51,8.531890178704934,co_top_Ask,44.99,44.97,45.0,44.95,0.0,0.010000000000005116,0.0,0.00999999999999801,4
52,8.531915460827648,co_top_Bid,44.99,44.97,45.0,44.95,0.0,0.0,0.0,0.0,4
53,8.531916634595829,co_top_Bid,44.99,44.97,45.0,44.95,0.0,0.0,0.0,0.0,4
54,8.53192957416311,co_top_Bid,44.99,44.97,45.0,44.95,0.0,0.0,0.0,0.0,4
55,8.532041476069319,lo_top_Bid,44.99,44.97,45.0,44.95,0.0,0.0,0.0,0.0,4
56,8.532070844832688,co_deep_Bid,44.99,44.97,45.0,44.95,0.0,0.0,0.0,0.0,4
57,8.532075192129547,mo_Bid,44.99,44.97,45.0,44.95,0.0,0.0,0.0,0.0,4
58,8.532143309755142,co_top_Bid,44.99,44.97,45.0,44.95,0.0,0.0,0.0,0.0,4
59,8.53220364916608,mo_Bid,44.99,44.97,45.0,44.95,0.0,0.0,0.0,0.0,4
60,8.53242641657146,lo_top_Bid,44.99,44.97,45.0,44.95,0.0,0.0,0.0,0.0,4
61,8.532473523451653,lo_inspread_Bid,44.99,44.98,45.0,44.97,0.00999999999999801,0.0,0.01999999999999602,0.0,4
62,8.53344170362325,mo_Bid,44.99,44.97,45.0,44.96,-0.00999999999999801,0.0,-0.00999999999999801,0.0,4
63,8.533609290078381,mo_Bid,44.99,44.97,45.0,44.96,0.0,0.0,0.0,0.0,4
64,8.533783869178281,lo_top_Bid,44.99,44.97,45.0,44.96,0.0,0.0,0.0,0.0,4
65,8.533846611628016,lo_top_Bid,44.99,44.97,45.0,44.96,0.0,0.0,0.0,0.0,4
66,8.534004101612261,co_deep_Bid,44.99,44.97,45.0,44.96,0.0,0.0,0.0,0.0,4
67,8.53410228671598,co_deep_Bid,44.99,44.97,45.0,44.96,0.0,0.0,0.0,0.0,4
68,8.534411054848128,co_deep_Bid,44.99,44.97,45.0,44.96,0.0,0.0,0.0,0.0,4
69,8.534734998411436,lo_top_Bid,44.99,44.97,45.0,44.96,0.0,0.0,0.0,0.0,4
70,8.53621378294159,lo_top_Bid,44.99,44.97,45.0,44.96,0.0,0.0,0.0,0.0,4
71,8.536403874742257,co_deep_Bid,44.99,44.97,45.0,44.96,0.0,0.0,0.0,0.0,4
72,8.53641448714082,co_deep_Bid,44.99,44.97,45.0,44.96,0.0,0.0,0.0,0.0,4
73,8.536701936000643,lo_top_Bid,44.99,44.97,45.0,44.96,0.0,0.0,0.0,0.0,4
74,8.536882603907594,lo_top_Bid,44.99,44.97,45.0,44.96,0.0,0.0,0.0,0.0,4
75,8.536922654419268,lo_inspread_Bid,44.99,44.98,45.0,44.97,0.00999999999999801,0.0,0.00999999999999801,0.0,4
76,8.53692951526603,co_deep_Bid,44.99,44.98,45.0,44.97,0.0,0.0,0.0,0.0,4
77,8.536935814376264,lo_top_Bid,44.99,44.98,45.0,44.97,0.0,0.0,0.0,0.0,4
78,8.537400427416998,co_deep_Bid,44.99,44.98,45.0,44.97,0.0,0.0,0.0,0.0,4
79,8.537466511031509,co_deep_Bid,44.99,44.98,45.0,44.97,0.0,0.0,0.0,0.0,4
80,8.537576608736787,lo_deep_Bid,44.99,44.98,45.0,44.97,0.0,0.0,0.0,0.0,4
81,8.53768197309035,lo_top_Bid,44.99,44.98,45.0,44.97,0.0,0.0,0.0,0.0,4
82,8.537837585121641,co_top_Bid,44.99,44.98,45.0,44.97,0.0,0.0,0.0,0.0,4
83,8.538106774696866,co_deep_Bid,44.99,44.98,45.0,44.97,0.0,0.0,0.0,0.0,4
84,8.538134816403476,lo_top_Bid,44.99,44.98,45.0,44.97,0.0,0.0,0.0,0.0,4
85,8.538160696545471,lo_top_Bid,44.99,44.98,45.0,44.97,0.0,0.0,0.0,0.0,4
86,8.538321947012637,co_deep_Bid,44.99,44.98,45.0,44.97,0.0,0.0,0.0,0.0,4
87,8.538334805380405,co_deep_Bid,44.99,44.98,45.0,44.97,0.0,0.0,0.0,0.0,4
88,8.538363117421987,co_deep_Bid,44.99,44.98,45.0,44.97,0.0,0.0,0.0,0.0,4
89,8.538445502680991,lo_top_Bid,44.99,44.98,45.0,44.97,0.0,0.0,0.0,0.0,4
90,8.538479916654873,co_top_Bid,44.99,44.98,45.0,44.97,0.0,0.0,0.0,0.0,4
91,8.538604820589285,co_deep_Bid,44.99,44.98,45.0,44.97,0.0,0.0,0.0,0.0,4
92,8.538757567611025,co_deep_Bid,44.99,44.98,45.0,44.96,0.0,0.0,-0.00999999999999801,0.0,4
93,8.538933495266274,co_deep_Bid,44.99,44.98,45.0,44.96,0.0,0.0,0.0,0.0,4
94,8.539833730578515,lo_top_Bid,44.99,44.98,45.0,44.96,0.0,0.0,0.0,0.0,4
95,8.539974224721462,lo_top_Bid,44.99,44.98,45.0,44.96,0.0,0.0,0.0,0.0,4
96,8.540130681756935,co_deep_Bid,44.99,44.98,45.0,44.96,0.0,0.0,0.0,0.0,4
97,8.540142948949024,co_deep_Bid,44.99,44.98,45.0,44.96,0.0,0.0,0.0,0.0,4
98,8.540346771272437,co_deep_Bid,44.99,44.98,45.0,44.96,0.0,0.0,0.0,0.0,4
99,8.540421803639367,co_deep_Bid,44.99,44.98,45.0,44.96,0.0,0.0,0.0,0.0,4
100,8.54071839383628,co_deep_Bid,44.99,44.98,45.0,44.96,0.0,0.0,0.0,0.0,4
101,8.540760864983982,co_deep_Bid,44.99,44.98,45.0,44.96,0.0,0.0,0.0,0.0,4
102,8.54094186514578,lo_top_Bid,44.99,44.98,45.0,44.96,0.0,0.0,0.0,0.0,4
103,8.541031696277459,co_deep_Bid,44.99,44.98,45.0,44.96,0.0,0.0,0.0,0.0,4
104,8.541209538986347,co_deep_Bid,44.99,44.98,45.0,44.96,0.0,0.0,0.0,0.0,4
105,8.541486539786648,lo_top_Bid,44.99,44.98,45.0,44.96,0.0,0.0,0.0,0.0,4
106,8.541738163418673,lo_top_Bid,44.99,44.98,45.0,44.96,0.0,0.0,0.0,0.0,4
107,8.542706994148794,lo_top_Bid,44.99,44.98,45.0,44.96,0.0,0.0,0.0,0.0,4
108,8.542751509106347,co_deep_Bid,44.99,44.98,45.0,44.96,0.0,0.0,0.0,0.0,4
109,8.542818502609892,lo_deep_Bid,44.99,44.98,45.0,44.96,0.0,0.0,0.0,0.0,4
110,8.543080947251568,lo_deep_Bid,44.99,44.98,45.0,44.96,0.0,0.0,0.0,0.0,4
111,8.543118934755546,lo_deep_Bid,44.99,44.98,45.0,44.96,0.0,0.0,0.0,0.0,4
112,8.543219006225549,lo_deep_Bid,44.99,44.98,45.0,44.96,0.0,0.0,0.0,0.0,4
113,8.546367746775765,co_top_Bid,44.99,44.98,45.0,44.96,0.0,0.0,0.0,0.0,4
114,8.54813442837038,lo_top_Bid,44.99,44.98,45.0,44.96,0.0,0.0,0.0,0.0,4
115,8.548205943849673,co_deep_Bid,44.99,44.98,45.0,44.96,0.0,0.0,0.0,0.0,4
116,8.548310103794527,lo_top_Bid,44.99,44.98,45.0,44.96,0.0,0.0,0.0,0.0,4
117,8.548395085233704,co_deep_Bid,44.99,44.98,45.0,44.96,0.0,0.0,0.0,0.0,4
118,8.550473756469378,co_deep_Bid,44.99,44.98,45.0,44.96,0.0,0.0,0.0,0.0,4
119,8.550619228697805,lo_deep_Bid,44.99,44.98,45.0,44.96,0.0,0.0,0.0,0.0,4
120,8.550865297519008,lo_top_Bid,44.99,44.98,45.0,44.96,0.0,0.0,0.0,0.0,4
121,8.551004962902866,lo_top_Bid,44.99,44.98,45.0,44.96,0.0,0.0,0.0,0.0,4
122,8.55102825799379,co_top_Bid,44.99,44.98,45.0,44.96,0.0,0.0,0.0,0.0,4
123,8.551212948264654,lo_top_Bid,44.99,44.98,45.0,44.96,0.0,0.0,0.0,0.0,4
124,8.551798658464087,lo_top_Bid,44.99,44.98,45.0,44.96,0.0,0.0,0.0,0.0,4
125,8.555114854379397,co_top_Bid,44.99,44.98,45.0,44.96,0.0,0.0,0.0,0.0,4
126,8.556170117203662,mo_Bid,44.99,44.98,45.0,44.96,0.0,0.0,0.0,0.0,4
127,8.556228716579678,lo_top_Bid,44.99,44.98,45.0,44.96,0.0,0.0,0.0,0.0,4
128,8.556261651583123,lo_top_Bid,44.99,44.98,45.0,44.96,0.0,0.0,0.0,0.0,4
129,8.556402499030803,lo_top_Bid,44.99,44.98,45.0,44.96,0.0,0.0,0.0,0.0,4
130,8.55695481303204,co_deep_Bid,44.99,44.98,45.0,44.96,0.0,0.0,0.0,0.0,4
131,8.55699133856168,co_deep_Bid,44.99,44.98,45.0,44.96,0.0,0.0,0.0,0.0,4
132,8.799118896131729,lo_top_Bid,44.99,44.98,45.0,44.96,0.0,0.0,0.0,0.0,4
133,8.799131904301614,co_deep_Bid,44.99,44.98,45.0,44.96,0.0,0.0,0.0,0.0,4
134,8.79914861436579,lo_top_Bid,44.99,44.98,45.0,44.96,0.0,0.0,0.0,0.0,4
135,8.799231164045958,lo_deep_Bid,44.99,44.98,45.0,44.96,0.0,0.0,0.0,0.0,4
136,8.799740792364187,lo_top_Bid,44.99,44.98,45.0,44.96,0.0,0.0,0.0,0.0,4
137,8.799747829132917,lo_top_Bid,44.99,44.98,45.0,44.96,0.0,0.0,0.0,0.0,4
138,8.79980572633208,lo_top_Bid,44.99,44.98,45.0,44.96,0.0,0.0,0.0,0.0,4
139,8.799971988709238,lo_top_Bid,44.99,44.98,45.0,44.96,0.0,0.0,0.0,0.0,4
140,8.800020162721822,co_deep_Bid,44.99,44.98,45.0,44.96,0.0,0.0,0.0,0.0,4
141,8.800274902019424,lo_top_Bid,44.99,44.98,45.0,44.96,0.0,0.0,0.0,0.0,4
142,8.800378175737293,co_deep_Bid,44.99,44.98,45.0,44.96,0.0,0.0,0.0,0.0,4
143,8.800380174526044,co_deep_Bid,44.99,44.98,45.0,44.96,0.0,0.0,0.0,0.0,4
144,8.800445722901884,lo_top_Bid,44.99,44.98,45.0,44.96,0.0,0.0,0.0,0.0,4
145,8.800486166858148,lo_top_Bid,44.99,44.98,45.0,44.96,0.0,0.0,0.0,0.0,4
146,8.800617488384958,co_top_Bid,44.99,44.98,45.0,44.96,0.0,0.0,0.0,0.0,4
147,8.800961297775187,co_deep_Bid,44.99,44.98,45.0,44.96,0.0,0.0,0.0,0.0,4
148,8.800970859213804,lo_deep_Bid,44.99,44.98,45.0,44.96,0.0,0.0,0.0,0.0,4
149,8.803922971984171,lo_top_Bid,44.99,44.98,45.0,44.96,0.0,0.0,0.0,0.0,4
150,8.80394637197321,lo_top_Bid,44.99,44.98,45.0,44.96,0.0,0.0,0.0,0.0,4
151,12.020068410228236,lo_top_Bid,44.99,44.98,45.0,44.96,0.0,0.0,0.0,0.0,4
152,12.020215949780898,lo_top_Bid,44.99,44.98,45.0,44.96,0.0,0.0,0.0,0.0,4
153,12.020222586981966,co_top_Bid,44.99,44.98,45.0,44.96,0.0,0.0,0.0,0.0,4
154,12.020522383634386,co_top_Bid,44.99,44.98,45.0,44.96,0.0,0.0,0.0,0.0,4
155,12.020703334111467,mo_Bid,44.99,44.98,45.0,44.96,0.0,0.0,0.0,0.0,4
156,12.02093585362687,lo_top_Bid,44.99,44.98,45.0,44.96,0.0,0.0,0.0,0.0,4
157,12.021358899225906,lo_top_Bid,44.99,44.98,45.0,44.96,0.0,0.0,0.0,0.0,4
158,12.02192589563594,lo_top_Bid,44.99,44.98,45.0,44.96,0.0,0.0,0.0,0.0,4
159,12.02207863671494,lo_top_Bid,44.99,44.98,45.0,44.96,0.0,0.0,0.0,0.0,4
160,12.022097766207548,co_top_Bid,44.99,44.98,45.0,44.96,0.0,0.0,0.0,0.0,4
161,12.022148040321232,lo_top_Bid,44.99,44.98,45.0,44.96,0.0,0.0,0.0,0.0,4
162,12.022210457411543,lo_top_Bid,44.99,44.98,45.0,44.96,0.0,0.0,0.0,0.0,4
163,12.022255496677815,lo_top_Bid,44.99,44.98,45.0,44.96,0.0,0.0,0.0,0.0,4
164,12.022280751668626,lo_top_Bid,44.99,44.98,45.0,44.96,0.0,0.0,0.0,0.0,4
165,12.022333033273966,lo_top_Bid,44.99,44.98,45.0,44.96,0.0,0.0,0.0,0.0,4
166,12.0223642839933,lo_top_Bid,44.99,44.98,45.0,44.96,0.0,0.0,0.0,0.0,4
167,12.022404114569325,lo_top_Bid,44.99,44.98,45.0,44.96,0.0,0.0,0.0,0.0,4
168,12.028847717462716,co_top_Bid,44.99,44.98,45.0,44.96,0.0,0.0,0.0,0.0,4
169,12.029284696174122,co_top_Bid,44.99,44.98,45.0,44.96,0.0,0.0,0.0,0.0,4
170,12.030415725122305,co_top_Bid,44.99,44.98,45.0,44.96,0.0,0.0,0.0,0.0,4
171,12.030647728955325,co_top_Bid,44.99,44.98,45.0,44.96,0.0,0.0,0.0,0.0,4
172,12.030966292011827,co_top_Bid,44.99,44.98,45.0,44.96,0.0,0.0,0.0,0.0,4
173,12.031020956567275,lo_top_Bid,44.99,44.98,45.0,44.96,0.0,0.0,0.0,0.0,4
174,12.032031066885887,lo_top_Bid,44.99,44.98,45.0,44.96,0.0,0.0,0.0,0.0,4
175,12.03286813258854,lo_top_Bid,44.99,44.98,45.0,44.96,0.0,0.0,0.0,0.0,4
176,12.033292075049062,lo_top_Bid,44.99,44.98,45.0,44.96,0.0,0.0,0.0,0.0,4
177,12.036182748933038,co_deep_Bid,44.99,44.98,45.0,44.96,0.0,0.0,0.0,0.0,4
178,12.055158485520485,lo_top_Bid,44.99,44.98,45.0,44.96,0.0,0.0,0.0,0.0,4
179,12.055257515870869,co_deep_Bid,44.99,44.98,45.0,44.96,0.0,0.0,0.0,0.0,4
180,12.055316676072552,co_deep_Bid,44.99,44.98,45.0,44.96,0.0,0.0,0.0,0.0,4
181,12.05532488747109,lo_top_Bid,44.99,44.98,45.0,44.96,0.0,0.0,0.0,0.0,4
182,12.055340066536273,lo_top_Bid,44.99,44.98,45.0,44.96,0.0,0.0,0.0,0.0,4
183,12.055364737337177,co_deep_Bid,44.99,44.98,45.0,44.96,0.0,0.0,0.0,0.0,4
184,12.05537190734268,lo_top_Bid,44.99,44.98,45.0,44.96,0.0,0.0,0.0,0.0,4
185,12.055403902854161,co_deep_Bid,44.99,44.98,45.0,44.96,0.0,0.0,0.0,0.0,4
186,12.055441550895441,lo_top_Bid,44.99,44.98,45.0,44.96,0.0,0.0,0.0,0.0,4
187,12.055455072485469,co_deep_Bid,44.99,44.98,45.0,44.96,0.0,0.0,0.0,0.0,4
188,12.055474882439528,co_deep_Bid,44.99,44.98,45.0,44.95,0.0,0.0,-0.00999999999999801,0.0,4
189,12.055504650232843,lo_deep_Bid,44.99,44.98,45.0,44.97,0.0,0.0,0.01999999999999602,0.0,4
190,12.055525169944238,lo_deep_Bid,44.99,44.98,45.0,44.97,0.0,0.0,0.0,0.0,4
191,12.055579225412927,lo_deep_Bid,44.99,44.98,45.0,44.97,0.0,0.0,0.0,0.0,4
192,12.055681843252794,lo_top_Bid,44.99,44.98,45.0,44.97,0.0,0.0,0.0,0.0,4
193,12.055729113778737,lo_deep_Bid,44.99,44.98,45.0,44.97,0.0,0.0,0.0,0.0,4
194,12.055731267283658,lo_top_Bid,44.99,44.98,45.0,44.97,0.0,0.0,0.0,0.0,4
195,12.055811274038478,lo_top_Bid,44.99,44.98,45.0,44.97,0.0,0.0,0.0,0.0,4
196,12.05583285774413,co_deep_Bid,44.99,44.98,45.0,44.97,0.0,0.0,0.0,0.0,4
197,12.055849435623793,co_deep_Bid,44.99,44.98,45.0,44.97,0.0,0.0,0.0,0.0,4
198,12.05588140274648,lo_deep_Bid,44.99,44.98,45.0,44.97,0.0,0.0,0.0,0.0,4
199,12.055885190601977,lo_top_Bid,44.99,44.98,45.0,44.97,0.0,0.0,0.0,0.0,4
200,12.056208494658394,lo_top_Bid,44.99,44.98,45.0,44.97,0.0,0.0,0.0,0.0,4
201,12.05641635337645,co_deep_Bid,44.99,44.98,45.0,44.97,0.0,0.0,0.0,0.0,4
202,12.05644152622518,lo_deep_Bid,44.99,44.98,45.0,44.97,0.0,0.0,0.0,0.0,4
203,12.056495960332356,co_deep_Bid,44.99,44.98,45.0,44.97,0.0,0.0,0.0,0.0,4
204,12.056530023344337,lo_deep_Bid,44.99,44.98,45.0,44.97,0.0,0.0,0.0,0.0,4
205,12.056645221130745,lo_deep_Bid,44.99,44.98,45.0,44.97,0.0,0.0,0.0,0.0,4
206,12.056784173679173,lo_deep_Bid,44.99,44.98,45.0,44.97,0.0,0.0,0.0,0.0,4
207,12.056847208243024,lo_deep_Bid,44.99,44.98,45.0,44.97,0.0,0.0,0.0,0.0,4
208,12.05698483350205,lo_deep_Bid,44.99,44.98,45.0,44.97,0.0,0.0,0.0,0.0,4
209,12.057084285996297,lo_deep_Bid,44.99,44.98,45.0,44.97,0.0,0.0,0.0,0.0,4
210,12.057154049554011,lo_top_Bid,44.99,44.98,45.0,44.97,0.0,0.0,0.0,0.0,4
211,12.057419398383118,lo_top_Bid,44.99,44.98,45.0,44.97,0.0,0.0,0.0,0.0,4
212,12.057481042347959,lo_top_Bid,44.99,44.98,45.0,44.97,0.0,0.0,0.0,0.0,4
213,12.057550281322964,co_top_Bid,44.99,44.98,45.0,44.97,0.0,0.0,0.0,0.0,4
214,12.057935931145435,co_top_Bid,44.99,44.98,45.0,44.97,0.0,0.0,0.0,0.0,4
215,12.057942099201151,mo_Bid,44.99,44.98,45.0,44.97,0.0,0.0,0.0,0.0,4
216,12.058045231436974,mo_Bid,44.99,44.98,45.0,44.97,0.0,0.0,0.0,0.0,4
217,12.058084350863675,mo_Bid,44.99,44.98,45.0,44.97,0.0,0.0,0.0,0.0,4
218,12.0580918299745,mo_Bid,44.99,44.98,45.0,44.97,0.0,0.0,0.0,0.0,4
219,12.0582226088038,lo_top_Bid,44.99,44.98,45.0,44.97,0.0,0.0,0.0,0.0,4
220,12.058241232050417,co_top_Bid,44.99,44.98,45.0,44.97,0.0,0.0,0.0,0.0,4
221,12.058281930561193,co_top_Bid,44.99,44.98,45.0,44.97,0.0,0.0,0.0,0.0,4
222,12.05830399064982,lo_top_Bid,44.99,44.98,45.0,44.97,0.0,0.0,0.0,0.0,4
223,12.058340667578506,lo_top_Bid,44.99,44.98,45.0,44.97,0.0,0.0,0.0,0.0,4
224,12.058369413581811,lo_top_Bid,44.99,44.98,45.0,44.97,0.0,0.0,0.0,0.0,4
225,12.058387957045333,lo_top_Bid,44.99,44.98,45.0,44.97,0.0,0.0,0.0,0.0,4
226,12.058452991146428,co_top_Bid,44.99,44.98,45.0,44.97,0.0,0.0,0.0,0.0,4
227,12.058459817169233,co_top_Bid,44.99,44.98,45.0,44.97,0.0,0.0,0.0,0.0,4
228,12.058460720067892,mo_Bid,44.99,44.98,45.0,44.97,0.0,0.0,0.0,0.0,4
229,12.05858094545094,co_top_Bid,44.99,44.98,45.0,44.97,0.0,0.0,0.0,0.0,4
230,12.058947764126472,mo_Bid,44.99,44.98,45.0,44.97,0.0,0.0,0.0,0.0,4
231,12.059052822855275,mo_Bid,44.99,44.98,45.0,44.97,0.0,0.0,0.0,0.0,4
232,12.059189234685963,mo_Bid,44.99,44.98,45.0,44.97,0.0,0.0,0.0,0.0,4
233,12.059255127278716,mo_Bid,44.99,44.98,45.0,44.97,0.0,0.0,0.0,0.0,4
234,12.059364636642556,mo_Bid,44.99,44.98,45.0,44.97,0.0,0.0,0.0,0.0,4
235,12.059519969857885,lo_top_Bid,44.99,44.98,45.0,44.97,0.0,0.0,0.0,0.0,4
236,12.059672983820652,co_deep_Bid,44.99,44.98,45.0,44.97,0.0,0.0,0.0,0.0,4
237,12.059686908719225,lo_top_Bid,44.99,44.98,45.0,44.97,0.0,0.0,0.0,0.0,4
238,12.059716518934295,co_deep_Bid,44.99,44.98,45.0,44.97,0.0,0.0,0.0,0.0,4
239,12.05979502797356,co_deep_Bid,44.99,44.98,45.0,44.97,0.0,0.0,0.0,0.0,4
240,12.0598799176267,lo_deep_Bid,44.99,44.98,45.0,44.97,0.0,0.0,0.0,0.0,4
241,12.059884494189777,lo_deep_Bid,44.99,44.98,45.0,44.97,0.0,0.0,0.0,0.0,4
242,12.059996672963788,lo_deep_Bid,44.99,44.98,45.0,44.97,0.0,0.0,0.0,0.0,4
243,12.060430920057982,lo_top_Bid,44.99,44.98,45.0,44.97,0.0,0.0,0.0,0.0,4
244,12.061331243208638,lo_deep_Bid,44.99,44.98,45.0,44.97,0.0,0.0,0.0,0.0,4
245,12.061442413146827,lo_deep_Bid,44.99,44.98,45.0,44.97,0.0,0.0,0.0,0.0,4
246,12.061580693188237,lo_deep_Bid,44.99,44.98,45.0,44.97,0.0,0.0,0.0,0.0,4
247,12.061752815283558,lo_deep_Bid,44.99,44.98,45.0,44.97,0.0,0.0,0.0,0.0,4
248,12.063190509217087,lo_top_Bid,44.99,44.98,45.0,44.97,0.0,0.0,0.0,0.0,4
249,12.063234205176077,co_deep_Bid,44.99,44.98,45.0,44.97,0.0,0.0,0.0,0.0,4
250,12.063333059702332,lo_top_Bid,44.99,44.98,45.0,44.97,0.0,0.0,0.0,0.0,4
251,12.063420587972722,lo_top_Bid,44.99,44.98,45.0,44.97,0.0,0.0,0.0,0.0,4
252,12.063627978289277,co_top_Bid,44.99,44.98,45.0,44.97,0.0,0.0,0.0,0.0,4
253,12.063817973356292,mo_Bid,44.99,44.98,45.0,44.97,0.0,0.0,0.0,0.0,4
254,12.064080667838361,lo_top_Bid,44.99,44.98,45.0,44.97,0.0,0.0,0.0,0.0,4
255,12.064116610080792,co_top_Bid,44.99,44.98,45.0,44.97,0.0,0.0,0.0,0.0,4
256,12.064148981761868,co_top_Bid,44.99,44.98,45.0,44.97,0.0,0.0,0.0,0.0,4
257,12.064203416600423,lo_top_Bid,44.99,44.98,45.0,44.97,0.0,0.0,0.0,0.0,4
258,12.064230439692759,lo_top_Bid,44.99,44.98,45.0,44.97,0.0,0.0,0.0,0.0,4
259,12.06431512703419,co_top_Bid,44.99,44.98,45.0,44.97,0.0,0.0,0.0,0.0,4
260,12.064385659868753,co_top_Bid,44.99,44.98,45.0,44.97,0.0,0.0,0.0,0.0,4
261,12.0649082207879,lo_top_Bid,44.99,44.98,45.0,44.97,0.0,0.0,0.0,0.0,4
262,12.06515157049626,lo_top_Bid,44.99,44.98,45.0,44.97,0.0,0.0,0.0,0.0,4
263,12.065282158392314,lo_top_Bid,44.99,44.98,45.0,44.97,0.0,0.0,0.0,0.0,4
264,12.065313639486034,co_top_Bid,44.99,44.98,45.0,44.97,0.0,0.0,0.0,0.0,4
265,12.06548555088084,co_top_Bid,44.99,44.98,45.0,44.97,0.0,0.0,0.0,0.0,4
266,12.066362130515575,co_top_Bid,44.99,44.98,45.0,44.97,0.0,0.0,0.0,0.0,4
267,12.066800560336551,lo_top_Bid,44.99,44.98,45.0,44.97,0.0,0.0,0.0,0.0,4
268,12.066897005893624,co_top_Bid,44.99,44.98,45.0,44.97,0.0,0.0,0.0,0.0,4
269,12.07096245577373,lo_top_Bid,44.99,44.98,45.0,44.97,0.0,0.0,0.0,0.0,4
270,12.071794180434098,lo_top_Bid,44.99,44.98,45.0,44.97,0.0,0.0,0.0,0.0,4
271,12.071841769486793,co_deep_Bid,44.99,44.98,45.0,44.97,0.0,0.0,0.0,0.0,4
272,12.071909625271342,co_top_Bid,44.99,44.98,45.0,44.97,0.0,0.0,0.0,0.0,4
273,12.071928630426285,lo_top_Bid,44.99,44.98,45.0,44.97,0.0,0.0,0.0,0.0,4
274,12.071944329791787,co_top_Bid,44.99,44.98,45.0,44.97,0.0,0.0,0.0,0.0,4
275,12.071945357965356,lo_top_Bid,44.99,44.98,45.0,44.97,0.0,0.0,0.0,0.0,4
276,12.071949783833283,co_deep_Bid,44.99,44.98,45.0,44.97,0.0,0.0,0.0,0.0,4
277,12.071956961756712,lo_top_Bid,44.99,44.98,45.0,44.97,0.0,0.0,0.0,0.0,4
278,12.071962239860234,co_deep_Bid,44.99,44.98,45.0,44.97,0.0,0.0,0.0,0.0,4
279,12.071989048568199,co_top_Bid,44.99,44.98,45.0,44.97,0.0,0.0,0.0,0.0,4
280,12.072003576948067,co_deep_Bid,44.99,44.98,45.0,44.97,0.0,0.0,0.0,0.0,4
281,12.072064177715387,co_deep_Bid,44.99,44.98,45.0,44.97,0.0,0.0,0.0,0.0,4
282,12.072118170755235,co_deep_Bid,44.99,44.98,45.0,44.97,0.0,0.0,0.0,0.0,4
283,12.072201615254446,co_deep_Bid,44.99,44.98,45.0,44.97,0.0,0.0,0.0,0.0,4
284,12.072203068746123,lo_deep_Bid,44.99,44.98,45.0,44.97,0.0,0.0,0.0,0.0,4
285,12.072255713143411,lo_top_Bid,44.99,44.98,45.0,44.97,0.0,0.0,0.0,0.0,4
286,12.072257749777538,co_deep_Bid,44.99,44.98,45.0,44.97,0.0,0.0,0.0,0.0,4
287,12.072373235427014,lo_top_Bid,44.99,44.98,45.0,44.97,0.0,0.0,0.0,0.0,4
288,12.072517430266823,co_deep_Bid,44.99,44.98,45.0,44.97,0.0,0.0,0.0,0.0,4
289,12.0725205310075,lo_top_Bid,44.99,44.98,45.0,44.97,0.0,0.0,0.0,0.0,4
290,12.072929790282352,lo_deep_Bid,44.99,44.98,45.0,44.97,0.0,0.0,0.0,0.0,4
291,12.07548166437673,lo_top_Bid,44.99,44.98,45.0,44.97,0.0,0.0,0.0,0.0,4
292,12.07699098232558,lo_top_Bid,44.99,44.98,45.0,44.97,0.0,0.0,0.0,0.0,4
293,12.077353138550643,co_deep_Bid,44.99,44.98,45.0,44.97,0.0,0.0,0.0,0.0,4
294,12.07752316567329,co_deep_Bid,44.99,44.98,45.0,44.97,0.0,0.0,0.0,0.0,4
295,12.077579841879485,co_deep_Bid,44.99,44.98,45.0,44.97,0.0,0.0,0.0,0.0,4
296,12.07770286869929,lo_deep_Bid,44.99,44.98,45.0,44.97,0.0,0.0,0.0,0.0,4
297,12.07802397689026,lo_top_Bid,44.99,44.98,45.0,44.97,0.0,0.0,0.0,0.0,4
298,12.078103078776536,lo_top_Bid,44.99,44.98,45.0,44.97,0.0,0.0,0.0,0.0,4
299,12.078205380122958,lo_top_Bid,44.99,44.98,45.0,44.97,0.0,0.0,0.0,0.0,4
300,12.07824807793865,co_deep_Bid,44.99,44.98,45.0,44.97,0.0,0.0,0.0,0.0,4
301,12.078520676209951,co_deep_Bid,44.99,44.98,45.0,44.96,0.0,0.0,-0.00999999999999801,0.0,4
302,12.0787440978436,lo_top_Bid,44.99,44.98,45.0,44.96,0.0,0.0,0.0,0.0,4
303,12.078766599943204,co_deep_Bid,44.99,44.98,45.0,44.96,0.0,0.0,0.0,0.0,4
304,12.07876823926097,co_deep_Bid,44.99,44.98,45.0,44.96,0.0,0.0,0.0,0.0,4
305,12.078866522975883,lo_top_Bid,44.99,44.98,45.0,44.96,0.0,0.0,0.0,0.0,4
306,12.079130938258457,co_deep_Bid,44.99,44.98,45.0,44.96,0.0,0.0,0.0,0.0,4
307,12.079139204137608,lo_top_Bid,44.99,44.98,45.0,44.96,0.0,0.0,0.0,0.0,4
308,12.079191479157409,co_deep_Bid,44.99,44.98,45.0,44.96,0.0,0.0,0.0,0.0,4
309,12.079435904127335,lo_top_Bid,44.99,44.98,45.0,44.96,0.0,0.0,0.0,0.0,4
310,12.079449956361037,lo_top_Bid,44.99,44.98,45.0,44.96,0.0,0.0,0.0,0.0,4
311,12.079456781189567,lo_top_Bid,44.99,44.98,45.0,44.96,0.0,0.0,0.0,0.0,4
312,12.079499202461701,co_top_Bid,44.99,44.98,45.0,44.96,0.0,0.0,0.0,0.0,4
313,12.079526044474994,co_deep_Bid,44.99,44.98,45.0,44.96,0.0,0.0,0.0,0.0,4
314,12.079535100948611,co_top_Bid,44.99,44.98,45.0,44.96,0.0,0.0,0.0,0.0,4
315,12.0812317035697,lo_top_Bid,44.99,44.98,45.0,44.96,0.0,0.0,0.0,0.0,4
316,12.08123298748055,co_deep_Bid,44.99,44.98,45.0,44.96,0.0,0.0,0.0,0.0,4
317,12.082632693139834,co_deep_Bid,44.99,44.98,45.0,44.96,0.0,0.0,0.0,0.0,4
318,12.08279161466907,co_deep_Bid,44.99,44.98,45.0,44.96,0.0,0.0,0.0,0.0,4
319,12.082983457866339,co_deep_Bid,44.99,44.98,45.0,44.96,0.0,0.0,0.0,0.0,4
320,12.083008305709512,co_deep_Bid,44.99,44.98,45.0,44.96,0.0,0.0,0.0,0.0,4
321,12.083093820066582,co_deep_Bid,44.99,44.98,45.0,44.96,0.0,0.0,0.0,0.0,4
322,12.083815337933599,lo_top_Bid,44.99,44.98,45.0,44.96,0.0,0.0,0.0,0.0,4
323,12.083982147974476,lo_top_Bid,44.99,44.98,45.0,44.96,0.0,0.0,0.0,0.0,4
324,12.084033240276833,co_top_Bid,44.99,44.98,45.0,44.96,0.0,0.0,0.0,0.0,4
325,12.084059655145712,co_top_Bid,44.99,44.98,45.0,44.96,0.0,0.0,0.0,0.0,4
326,12.084067201594369,lo_top_Bid,44.99,44.98,45.0,44.96,0.0,0.0,0.0,0.0,4
327,12.08414440856955,lo_top_Bid,44.99,44.98,45.0,44.96,0.0,0.0,0.0,0.0,4
328,12.084183331416053,co_top_Bid,44.99,44.98,45.0,44.96,0.0,0.0,0.0,0.0,4
329,12.084319424362967,co_top_Bid,44.99,44.98,45.0,44.96,0.0,0.0,0.0,0.0,4
330,12.084360446436976,lo_top_Bid,44.99,44.98,45.0,44.96,0.0,0.0,0.0,0.0,4
331,12.084391646315586,lo_top_Bid,44.99,44.98,45.0,44.96,0.0,0.0,0.0,0.0,4
332,12.084405558865072,lo_top_Bid,44.99,44.98,45.0,44.96,0.0,0.0,0.0,0.0,4
333,12.084407208002576,co_deep_Bid,44.99,44.98,45.0,44.96,0.0,0.0,0.0,0.0,4
334,12.08445723509723,lo_top_Bid,44.99,44.98,45.0,44.96,0.0,0.0,0.0,0.0,4
335,12.084483322218134,lo_top_Bid,44.99,44.98,45.0,44.96,0.0,0.0,0.0,0.0,4
336,12.084526933664435,co_deep_Bid,44.99,44.98,45.0,44.96,0.0,0.0,0.0,0.0,4
337,12.084529450689377,lo_top_Bid,44.99,44.98,45.0,44.96,0.0,0.0,0.0,0.0,4
338,12.084547318925534,co_deep_Bid,44.99,44.98,45.0,44.96,0.0,0.0,0.0,0.0,4
339,12.084632791312542,lo_top_Bid,44.99,44.98,45.0,44.96,0.0,0.0,0.0,0.0,4
340,12.084659852376147,lo_top_Bid,44.99,44.98,45.0,44.96,0.0,0.0,0.0,0.0,4
341,12.084725735825616,lo_top_Bid,44.99,44.98,45.0,44.96,0.0,0.0,0.0,0.0,4
342,12.08490782272048,co_top_Bid,44.99,44.98,45.0,44.96,0.0,0.0,0.0,0.0,4
343,12.08523906632144,co_deep_Bid,44.99,44.98,45.0,44.96,0.0,0.0,0.0,0.0,4
344,12.0852432772849,co_deep_Bid,44.99,44.98,45.0,44.96,0.0,0.0,0.0,0.0,4
345,12.085793691092968,lo_top_Bid,44.99,44.98,45.0,44.96,0.0,0.0,0.0,0.0,4
346,12.085901547798862,lo_top_Bid,44.99,44.98,45.0,44.96,0.0,0.0,0.0,0.0,4
347,12.086027938351927,lo_top_Bid,44.99,44.98,45.0,44.96,0.0,0.0,0.0,0.0,4
348,12.086162763657489,co_deep_Bid,44.99,44.98,45.0,44.96,0.0,0.0,0.0,0.0,4
349,12.087827500880499,lo_top_Bid,44.99,44.98,45.0,44.96,0.0,0.0,0.0,0.0,4
350,12.088421546646202,co_deep_Bid,44.99,44.98,45.0,44.96,0.0,0.0,0.0,0.0,4
351,12.089823647879324,lo_top_Bid,44.99,44.98,45.0,44.96,0.0,0.0,0.0,0.0,4
352,12.08988673663615,lo_top_Bid,44.99,44.98,45.0,44.96,0.0,0.0,0.0,0.0,4
353,12.089954298668957,lo_top_Bid,44.99,44.98,45.0,44.96,0.0,0.0,0.0,0.0,4
354,12.090069882968407,lo_top_Bid,44.99,44.98,45.0,44.96,0.0,0.0,0.0,0.0,4
355,12.09008059459502,lo_top_Bid,44.99,44.98,45.0,44.96,0.0,0.0,0.0,0.0,4
356,12.091568627547154,co_top_Bid,44.99,44.98,45.0,44.96,0.0,0.0,0.0,0.0,4
357,12.091570719000874,lo_top_Bid,44.99,44.98,45.0,44.96,0.0,0.0,0.0,0.0,4
358,12.091577086522566,lo_top_Bid,44.99,44.98,45.0,44.96,0.0,0.0,0.0,0.0,4
359,12.09165273829045,co_top_Bid,44.99,44.98,45.0,44.96,0.0,0.0,0.0,0.0,4
360,12.091701233002517,lo_top_Bid,44.99,44.98,45.0,44.96,0.0,0.0,0.0,0.0,4
361,12.092086831784027,co_top_Bid,44.99,44.98,45.0,44.96,0.0,0.0,0.0,0.0,4
362,12.092188153239153,co_top_Bid,44.99,44.98,45.0,44.96,0.0,0.0,0.0,0.0,4
363,12.092358215179528,lo_top_Bid,44.99,44.98,45.0,44.96,0.0,0.0,0.0,0.0,4
364,12.092613617223153,lo_top_Bid,44.99,44.98,45.0,44.96,0.0,0.0,0.0,0.0,4
365,12.092965004162265,co_deep_Bid,44.99,44.98,45.0,44.96,0.0,0.0,0.0,0.0,4
366,12.093396230547624,lo_top_Bid,44.99,44.98,45.0,44.96,0.0,0.0,0.0,0.0,4
367,12.093421561283625,lo_top_Bid,44.99,44.98,45.0,44.96,0.0,0.0,0.0,0.0,4
368,12.093488005128899,co_top_Bid,44.99,44.98,45.0,44.96,0.0,0.0,0.0,0.0,4
369,12.093595771048308,co_top_Bid,44.99,44.98,45.0,44.96,0.0,0.0,0.0,0.0,4
370,12.09361296297057,co_top_Bid,44.99,44.98,45.0,44.96,0.0,0.0,0.0,0.0,4
371,12.093622804143084,mo_Bid,44.99,44.98,45.0,44.96,0.0,0.0,0.0,0.0,4
372,12.093623385352302,co_top_Bid,44.99,44.98,45.0,44.96,0.0,0.0,0.0,0.0,4
373,12.093695523753569,co_top_Bid,44.99,44.98,45.0,44.96,0.0,0.0,0.0,0.0,4
374,12.093762578040074,mo_Bid,44.99,44.98,45.0,44.96,0.0,0.0,0.0,0.0,4
375,12.093853669893575,lo_top_Bid,44.99,44.98,45.0,44.96,0.0,0.0,0.0,0.0,4
376,12.093856265714601,lo_top_Bid,44.99,44.98,45.0,44.96,0.0,0.0,0.0,0.0,4
377,12.093885360691544,lo_top_Bid,44.99,44.98,45.0,44.96,0.0,0.0,0.0,0.0,4
378,12.093925554871298,lo_top_Bid,44.99,44.98,45.0,44.96,0.0,0.0,0.0,0.0,4
379,12.093926565657933,lo_top_Bid,44.99,44.98,45.0,44.96,0.0,0.0,0.0,0.0,4
380,12.09394675917536,lo_top_Bid,44.99,44.98,45.0,44.96,0.0,0.0,0.0,0.0,4
381,12.094057996451332,lo_top_Bid,44.99,44.98,45.0,44.96,0.0,0.0,0.0,0.0,4
382,12.094090977686394,lo_top_Bid,44.99,44.98,45.0,44.96,0.0,0.0,0.0,0.0,4
383,12.094495138439523,co_deep_Bid,44.99,44.98,45.0,44.95,0.0,0.0,-0.00999999999999801,0.0,4
384,12.094569042229294,lo_top_Bid,44.99,44.98,45.0,44.95,0.0,0.0,0.0,0.0,4
385,12.094582202277275,lo_top_Bid,44.99,44.98,45.0,44.95,0.0,0.0,0.0,0.0,4
386,12.094583345685168,lo_top_Bid,44.99,44.98,45.0,44.95,0.0,0.0,0.0,0.0,4
387,12.094583494846189,co_deep_Bid,44.99,44.98,45.0,44.95,0.0,0.0,0.0,0.0,4
388,12.09458405739286,co_top_Bid,44.99,44.98,45.0,44.95,0.0,0.0,0.0,0.0,4
389,12.094606929698989,lo_top_Bid,44.99,44.98,45.0,44.95,0.0,0.0,0.0,0.0,4
390,12.094702580190292,co_deep_Bid,44.99,44.98,45.0,44.95,0.0,0.0,0.0,0.0,4
391,12.09476624296116,co_deep_Bid,44.99,44.98,45.0,44.95,0.0,0.0,0.0,0.0,4
392,12.094909492030762,co_deep_Bid,44.99,44.98,45.0,44.95,0.0,0.0,0.0,0.0,4
393,12.094932387421155,co_deep_Bid,44.99,44.98,45.0,44.95,0.0,0.0,0.0,0.0,4
394,12.094963701615825,co_deep_Bid,44.99,44.98,45.0,44.95,0.0,0.0,0.0,0.0,4
395,12.094973554381347,lo_top_Bid,44.99,44.98,45.0,44.95,0.0,0.0,0.0,0.0,4
396,12.095110515576826,co_deep_Bid,44.99,44.98,45.0,44.95,0.0,0.0,0.0,0.0,4
397,12.095164568518381,co_deep_Bid,44.99,44.98,45.0,44.95,0.0,0.0,0.0,0.0,4
398,12.095175794630782,lo_top_Bid,44.99,44.98,45.0,44.95,0.0,0.0,0.0,0.0,4
399,12.095308236915882,lo_top_Bid,44.99,44.98,45.0,44.95,0.0,0.0,0.0,0.0,4
400,12.095366690433035,co_deep_Bid,44.99,44.98,45.0,44.95,0.0,0.0,0.0,0.0,4
401,12.095407644130361,lo_deep_Bid,44.99,44.98,45.0,44.97,0.0,0.0,0.01999999999999602,0.0,4
402,12.09574240048908,co_deep_Bid,44.99,44.98,45.0,44.96,0.0,0.0,-0.00999999999999801,0.0,4
403,12.095784526568014,co_deep_Bid,44.99,44.98,45.0,44.96,0.0,0.0,0.0,0.0,4
404,12.095975213193677,co_deep_Bid,44.99,44.98,45.0,44.96,0.0,0.0,0.0,0.0,4
405,12.095993820343542,lo_top_Bid,44.99,44.98,45.0,44.96,0.0,0.0,0.0,0.0,4
406,12.096031525685126,lo_deep_Bid,44.99,44.98,45.0,44.96,0.0,0.0,0.0,0.0,4
407,12.096103839380389,lo_top_Bid,44.99,44.98,45.0,44.96,0.0,0.0,0.0,0.0,4
408,12.09610432032499,lo_top_Bid,44.99,44.98,45.0,44.96,0.0,0.0,0.0,0.0,4
409,12.096237876176966,lo_top_Bid,44.99,44.98,45.0,44.96,0.0,0.0,0.0,0.0,4
410,12.096581427534467,lo_top_Bid,44.99,44.98,45.0,44.96,0.0,0.0,0.0,0.0,4
411,12.09659248035631,lo_top_Bid,44.99,44.98,45.0,44.96,0.0,0.0,0.0,0.0,4
412,12.096631618734065,lo_top_Bid,44.99,44.98,45.0,44.96,0.0,0.0,0.0,0.0,4
413,12.096872893961526,lo_top_Bid,44.99,44.98,45.0,44.96,0.0,0.0,0.0,0.0,4
414,12.096906258381773,co_deep_Bid,44.99,44.98,45.0,44.96,0.0,0.0,0.0,0.0,4
415,12.096932340285342,co_deep_Bid,44.99,44.98,45.0,44.96,0.0,0.0,0.0,0.0,4
416,12.096946948625009,co_deep_Bid,44.99,44.98,45.0,44.96,0.0,0.0,0.0,0.0,4
417,12.0969978701439,co_deep_Bid,44.99,44.98,45.0,44.96,0.0,0.0,0.0,0.0,4
418,12.097019361212368,lo_top_Bid,44.99,44.98,45.0,44.96,0.0,0.0,0.0,0.0,4
419,12.097259143863106,lo_top_Bid,44.99,44.98,45.0,44.96,0.0,0.0,0.0,0.0,4
420,12.097301232273699,co_deep_Bid,44.99,44.98,45.0,44.96,0.0,0.0,0.0,0.0,4
421,12.097408821971062,lo_top_Bid,44.99,44.98,45.0,44.96,0.0,0.0,0.0,0.0,4
422,12.097690591477772,co_top_Bid,44.99,44.98,45.0,44.96,0.0,0.0,0.0,0.0,4
423,12.097735467435374,lo_top_Bid,44.99,44.98,45.0,44.96,0.0,0.0,0.0,0.0,4
424,12.097745281899819,lo_top_Bid,44.99,44.98,45.0,44.96,0.0,0.0,0.0,0.0,4
425,12.097752081944396,co_top_Bid,44.99,44.98,45.0,44.96,0.0,0.0,0.0,0.0,4
426,12.097927890480236,co_deep_Bid,44.99,44.98,45.0,44.96,0.0,0.0,0.0,0.0,4
427,12.098589767695621,lo_top_Bid,44.99,44.98,45.0,44.96,0.0,0.0,0.0,0.0,4
428,12.09860169080701,co_deep_Bid,44.99,44.98,45.0,44.96,0.0,0.0,0.0,0.0,4
429,12.09891575542468,lo_top_Bid,44.99,44.98,45.0,44.96,0.0,0.0,0.0,0.0,4
430,12.099834518936229,lo_top_Bid,44.99,44.98,45.0,44.96,0.0,0.0,0.0,0.0,4
431,12.100114615640852,lo_top_Bid,44.99,44.98,45.0,44.96,0.0,0.0,0.0,0.0,4
432,12.101113623484313,lo_top_Bid,44.99,44.98,45.0,44.96,0.0,0.0,0.0,0.0,4
433,12.101312602605597,lo_top_Bid,44.99,44.98,45.0,44.96,0.0,0.0,0.0,0.0,4
434,12.1014452975112,lo_top_Bid,44.99,44.98,45.0,44.96,0.0,0.0,0.0,0.0,4
435,12.101474892302422,co_top_Bid,44.99,44.98,45.0,44.96,0.0,0.0,0.0,0.0,4
436,12.101533872190183,co_deep_Bid,44.99,44.98,45.0,44.96,0.0,0.0,0.0,0.0,4
437,12.101584084800036,co_top_Bid,44.99,44.98,45.0,44.96,0.0,0.0,0.0,0.0,4
438,12.101685794375685,co_top_Bid,44.99,44.98,45.0,44.96,0.0,0.0,0.0,0.0,4
439,12.101776984133194,lo_top_Bid,44.99,44.98,45.0,44.96,0.0,0.0,0.0,0.0,4
440,12.101806771525178,co_deep_Bid,44.99,44.98,45.0,44.96,0.0,0.0,0.0,0.0,4
441,12.101812329651723,lo_deep_Bid,44.99,44.98,45.0,44.96,0.0,0.0,0.0,0.0,4
442,12.101840702260251,lo_top_Bid,44.99,44.98,45.0,44.96,0.0,0.0,0.0,0.0,4
443,12.101928238061557,lo_top_Bid,44.99,44.98,45.0,44.96,0.0,0.0,0.0,0.0,4
444,12.101945304208446,lo_top_Bid,44.99,44.98,45.0,44.96,0.0,0.0,0.0,0.0,4
445,12.10195403094651,co_top_Bid,44.99,44.98,45.0,44.96,0.0,0.0,0.0,0.0,4
446,12.101999510185161,lo_top_Bid,44.99,44.98,45.0,44.96,0.0,0.0,0.0,0.0,4
447,12.102039002895314,lo_top_Bid,44.99,44.98,45.0,44.96,0.0,0.0,0.0,0.0,4
448,12.102058106434766,lo_top_Bid,44.99,44.98,45.0,44.96,0.0,0.0,0.0,0.0,4
449,12.10207979706989,co_deep_Bid,44.99,44.98,45.0,44.96,0.0,0.0,0.0,0.0,4
450,12.102089967730896,co_deep_Bid,44.99,44.98,45.0,44.96,0.0,0.0,0.0,0.0,4
451,12.102178717257127,lo_deep_Bid,44.99,44.98,45.0,44.96,0.0,0.0,0.0,0.0,4
452,12.102201721114605,co_deep_Bid,44.99,44.98,45.0,44.96,0.0,0.0,0.0,0.0,4
453,12.102216069269355,lo_deep_Bid,44.99,44.98,45.0,44.96,0.0,0.0,0.0,0.0,4
454,12.102309113750357,lo_top_Bid,44.99,44.98,45.0,44.96,0.0,0.0,0.0,0.0,4
455,12.10242546104972,lo_top_Bid,44.99,44.98,45.0,44.96,0.0,0.0,0.0,0.0,4
456,12.102467398470965,co_top_Bid,44.99,44.98,45.0,44.96,0.0,0.0,0.0,0.0,4
457,12.102578073550802,co_top_Bid,44.99,44.98,45.0,44.96,0.0,0.0,0.0,0.0,4
458,12.102638548052006,co_top_Bid,44.99,44.98,45.0,44.96,0.0,0.0,0.0,0.0,4
459,12.102796128515598,lo_top_Bid,44.99,44.98,45.0,44.96,0.0,0.0,0.0,0.0,4
460,12.102869238756774,lo_top_Bid,44.99,44.98,45.0,44.96,0.0,0.0,0.0,0.0,4
461,12.102870735712049,lo_top_Bid,44.99,44.98,45.0,44.96,0.0,0.0,0.0,0.0,4
462,12.102870872100775,lo_top_Bid,44.99,44.98,45.0,44.96,0.0,0.0,0.0,0.0,4
463,12.102891380263044,lo_top_Bid,44.99,44.98,45.0,44.96,0.0,0.0,0.0,0.0,4
464,12.102934329175655,lo_top_Bid,44.99,44.98,45.0,44.96,0.0,0.0,0.0,0.0,4
465,12.102967878127235,co_top_Bid,44.99,44.98,45.0,44.96,0.0,0.0,0.0,0.0,4
466,12.102987323241656,lo_top_Bid,44.99,44.98,45.0,44.96,0.0,0.0,0.0,0.0,4
467,12.10302080833769,lo_top_Bid,44.99,44.98,45.0,44.96,0.0,0.0,0.0,0.0,4
468,12.103119611203763,lo_top_Bid,44.99,44.98,45.0,44.96,0.0,0.0,0.0,0.0,4
469,12.103155690436902,co_top_Bid,44.99,44.98,45.0,44.96,0.0,0.0,0.0,0.0,4
470,12.10337523323766,co_deep_Bid,44.99,44.98,45.0,44.96,0.0,0.0,0.0,0.0,4
471,12.103407689408176,lo_top_Bid,44.99,44.98,45.0,44.96,0.0,0.0,0.0,0.0,4
472,12.10346150393755,co_top_Bid,44.99,44.98,45.0,44.96,0.0,0.0,0.0,0.0,4
473,12.103522560292747,co_deep_Bid,44.99,44.98,45.0,44.96,0.0,0.0,0.0,0.0,4
474,12.103687789971461,co_top_Bid,44.99,44.98,45.0,44.96,0.0,0.0,0.0,0.0,4
475,12.103725472108156,lo_top_Bid,44.99,44.98,45.0,44.96,0.0,0.0,0.0,0.0,4
476,12.103749857750316,lo_top_Bid,44.99,44.98,45.0,44.96,0.0,0.0,0.0,0.0,4
477,12.103776440620084,lo_top_Bid,44.99,44.98,45.0,44.96,0.0,0.0,0.0,0.0,4
478,12.1038385783052,co_top_Bid,44.99,44.98,45.0,44.96,0.0,0.0,0.0,0.0,4
479,12.103857926511132,co_deep_Bid,44.99,44.98,45.0,44.96,0.0,0.0,0.0,0.0,4
480,12.103945287590104,co_top_Bid,44.99,44.98,45.0,44.96,0.0,0.0,0.0,0.0,4
481,12.103971449410714,co_top_Bid,44.99,44.98,45.0,44.96,0.0,0.0,0.0,0.0,4
482,12.103971769679948,co_top_Bid,44.99,44.98,45.0,44.96,0.0,0.0,0.0,0.0,4
483,12.103986713046169,co_top_Bid,44.99,44.98,45.0,44.96,0.0,0.0,0.0,0.0,4
484,12.104018103053253,mo_Bid,44.99,44.98,45.0,44.96,0.0,0.0,0.0,0.0,4
485,12.104065239701535,lo_top_Bid,44.99,44.98,45.0,44.96,0.0,0.0,0.0,0.0,4
486,12.104083773681284,lo_top_Bid,44.99,44.98,45.0,44.96,0.0,0.0,0.0,0.0,4
487,12.104106750960415,co_top_Bid,44.99,44.98,45.0,44.96,0.0,0.0,0.0,0.0,4
488,12.104119169776997,co_top_Bid,44.99,44.98,45.0,44.96,0.0,0.0,0.0,0.0,4
489,12.104232848002171,lo_top_Bid,44.99,44.98,45.0,44.96,0.0,0.0,0.0,0.0,4
490,12.104251969086778,lo_top_Bid,44.99,44.98,45.0,44.96,0.0,0.0,0.0,0.0,4
491,12.104279358619195,co_top_Bid,44.99,44.98,45.0,44.96,0.0,0.0,0.0,0.0,4
492,12.104282588218425,mo_Bid,44.99,44.98,45.0,44.96,0.0,0.0,0.0,0.0,4
493,12.104451673956083,mo_Bid,44.99,44.98,45.0,44.96,0.0,0.0,0.0,0.0,4
494,12.104502377603465,co_deep_Bid,44.99,44.98,45.0,44.96,0.0,0.0,0.0,0.0,4
495,12.104627941083331,lo_top_Bid,44.99,44.98,45.0,44.96,0.0,0.0,0.0,0.0,4
496,12.104708419233956,lo_top_Bid,44.99,44.98,45.0,44.96,0.0,0.0,0.0,0.0,4
497,12.1048913252446,lo_top_Bid,44.99,44.98,45.0,44.96,0.0,0.0,0.0,0.0,4
498,12.104901548823097,co_deep_Bid,44.99,44.98,45.0,44.96,0.0,0.0,0.0,0.0,4
499,12.104930507508831,lo_top_Bid,44.99,44.98,45.0,44.96,0.0,0.0,0.0,0.0,4
500,12.104942326872374,lo_top_Bid,44.99,44.98,45.0,44.96,0.0,0.0,0.0,0.0,4
501,12.104942426872373,co_deep_Bid,44.99,44.98,45.0,44.96,0.0,0.0,0.0,0.0,4
502,12.104969959432026,co_deep_Bid,44.99,44.98,45.0,44.96,0.0,0.0,0.0,0.0,4
503,12.105004149447643,co_top_Bid,44.99,44.98,45.0,44.96,0.0,0.0,0.0,0.0,4
504,12.105070235616868,co_deep_Bid,44.99,44.98,45.0,44.96,0.0,0.0,0.0,0.0,4
505,12.105115309303917,lo_top_Bid,44.99,44.98,45.0,44.96,0.0,0.0,0.0,0.0,4
506,12.105161743604565,lo_top_Bid,44.99,44.98,45.0,44.96,0.0,0.0,0.0,0.0,4
507,12.1051745307028,lo_top_Bid,44.99,44.98,45.0,44.96,0.0,0.0,0.0,0.0,4
508,12.105196055974085,co_top_Bid,44.99,44.98,45.0,44.96,0.0,0.0,0.0,0.0,4
509,12.105217988053628,co_top_Bid,44.99,44.98,45.0,44.96,0.0,0.0,0.0,0.0,4
510,12.10523702252957,lo_top_Bid,44.99,44.98,45.0,44.96,0.0,0.0,0.0,0.0,4
511,12.105353833394958,co_top_Bid,44.99,44.98,45.0,44.96,0.0,0.0,0.0,0.0,4
512,12.105433481063546,co_top_Bid,44.99,44.98,45.0,44.96,0.0,0.0,0.0,0.0,4
513,12.105483637567733,lo_top_Bid,44.99,44.98,45.0,44.96,0.0,0.0,0.0,0.0,4
514,12.10548558258047,co_top_Bid,44.99,44.98,45.0,44.96,0.0,0.0,0.0,0.0,4
515,12.105494224418713,lo_top_Bid,44.99,44.98,45.0,44.96,0.0,0.0,0.0,0.0,4
516,12.105525129597703,lo_top_Bid,44.99,44.98,45.0,44.96,0.0,0.0,0.0,0.0,4
517,12.10552600078465,lo_top_Bid,44.99,44.98,45.0,44.96,0.0,0.0,0.0,0.0,4
518,12.10555098653905,lo_top_Bid,44.99,44.98,45.0,44.96,0.0,0.0,0.0,0.0,4
519,12.105572729533849,co_top_Bid,44.99,44.98,45.0,44.96,0.0,0.0,0.0,0.0,4
520,12.105583973907683,co_top_Bid,44.99,44.98,45.0,44.96,0.0,0.0,0.0,0.0,4
521,12.105584577789434,co_top_Bid,44.99,44.98,45.0,44.96,0.0,0.0,0.0,0.0,4
522,12.10564373682863,co_top_Bid,44.99,44.98,45.0,44.96,0.0,0.0,0.0,0.0,4
523,12.10564660910362,lo_top_Bid,44.99,44.98,45.0,44.96,0.0,0.0,0.0,0.0,4
524,12.105690232826523,lo_top_Bid,44.99,44.98,45.0,44.96,0.0,0.0,0.0,0.0,4
525,12.105712843744806,lo_top_Bid,44.99,44.98,45.0,44.96,0.0,0.0,0.0,0.0,4
526,12.105776837171065,lo_top_Bid,44.99,44.98,45.0,44.96,0.0,0.0,0.0,0.0,4
527,12.105777596447775,lo_top_Bid,44.99,44.98,45.0,44.96,0.0,0.0,0.0,0.0,4
528,12.10581538327306,co_deep_Bid,44.99,44.98,45.0,44.96,0.0,0.0,0.0,0.0,4
529,12.105835525203757,co_deep_Bid,44.99,44.98,45.0,44.95,0.0,0.0,-0.00999999999999801,0.0,4
530,12.10588408771439,lo_top_Bid,44.99,44.98,45.0,44.95,0.0,0.0,0.0,0.0,4
531,12.105892704404967,co_deep_Bid,44.99,44.98,45.0,44.95,0.0,0.0,0.0,0.0,4
532,12.105943367171006,lo_top_Bid,44.99,44.98,45.0,44.95,0.0,0.0,0.0,0.0,4
533,12.1059509772027,lo_top_Bid,44.99,44.98,45.0,44.95,0.0,0.0,0.0,0.0,4
534,12.105998863656893,co_top_Ask,45.0,44.98,45.01,44.95,0.0,0.00999999999999801,0.0,0.00999999999999801,4
535,12.106151046817246,co_top_Bid,45.0,44.98,45.01,44.95,0.0,0.0,0.0,0.0,4
536,12.10626416353431,co_top_Bid,45.0,44.98,45.01,44.95,0.0,0.0,0.0,0.0,4
537,12.10626556156228,co_top_Bid,45.0,44.98,45.01,44.95,0.0,0.0,0.0,0.0,4
538,12.106419233507301,co_top_Bid,45.0,44.98,45.01,44.95,0.0,0.0,0.0,0.0,4
539,12.106458785955192,co_top_Bid,45.0,44.98,45.01,44.95,0.0,0.0,0.0,0.0,4
540,12.106467915260875,co_top_Bid,45.0,44.98,45.01,44.95,0.0,0.0,0.0,0.0,4
541,12.106540588794523,co_top_Bid,45.0,44.98,45.01,44.95,0.0,0.0,0.0,0.0,4
542,12.106590947286179,co_top_Bid,45.0,44.98,45.01,44.95,0.0,0.0,0.0,0.0,4
543,12.106600004444699,co_top_Bid,45.0,44.98,45.01,44.95,0.0,0.0,0.0,0.0,4
544,12.106646439267932,co_top_Bid,45.0,44.98,45.01,44.95,0.0,0.0,0.0,0.0,4
545,12.10664813581008,co_top_Bid,45.0,44.98,45.01,44.95,0.0,0.0,0.0,0.0,4
546,12.106838283966312,lo_top_Bid,45.0,44.98,45.01,44.95,0.0,0.0,0.0,0.0,4
547,12.106941970908444,mo_Bid,45.0,44.98,45.01,44.95,0.0,0.0,0.0,0.0,4
548,12.10711217944762,lo_top_Bid,45.0,44.98,45.01,44.95,0.0,0.0,0.0,0.0,4
549,12.10715145551906,mo_Bid,45.0,44.98,45.01,44.95,0.0,0.0,0.0,0.0,4
550,12.107177766938534,lo_top_Bid,45.0,44.98,45.01,44.95,0.0,0.0,0.0,0.0,4
551,12.107242623297626,co_top_Bid,45.0,44.98,45.01,44.95,0.0,0.0,0.0,0.0,4
552,12.107473839721251,lo_top_Bid,45.0,44.98,45.01,44.95,0.0,0.0,0.0,0.0,4
553,12.107891202315026,lo_top_Bid,45.0,44.98,45.01,44.95,0.0,0.0,0.0,0.0,4
554,12.107924582665161,lo_top_Bid,45.0,44.98,45.01,44.95,0.0,0.0,0.0,0.0,4
555,12.107937837078957,co_deep_Bid,45.0,44.98,45.01,44.95,0.0,0.0,0.0,0.0,4
556,12.10794593426425,lo_top_Bid,45.0,44.98,45.01,44.95,0.0,0.0,0.0,0.0,4
557,12.107948820798946,lo_inspread_Bid,45.0,44.99,45.01,44.98,0.010000000000005116,0.0,0.02999999999999403,0.0,4
558,12.107971721973273,co_deep_Bid,45.0,44.99,45.01,44.98,0.0,0.0,0.0,0.0,4
559,12.108020369539206,lo_top_Bid,45.0,44.99,45.01,44.98,0.0,0.0,0.0,0.0,4
560,12.108144539421675,lo_top_Bid,45.0,44.99,45.01,44.98,0.0,0.0,0.0,0.0,4
561,12.10815804533121,lo_top_Bid,45.0,44.99,45.01,44.98,0.0,0.0,0.0,0.0,4
562,12.108202759766872,co_top_Bid,45.0,44.99,45.01,44.98,0.0,0.0,0.0,0.0,4
563,12.108234647831154,lo_top_Bid,45.0,44.99,45.01,44.98,0.0,0.0,0.0,0.0,4
564,12.108267263818881,co_deep_Bid,45.0,44.99,45.01,44.98,0.0,0.0,0.0,0.0,4
565,12.108279827566005,co_deep_Bid,45.0,44.99,45.01,44.98,0.0,0.0,0.0,0.0,4
566,12.108304855040688,co_deep_Bid,45.0,44.99,45.01,44.98,0.0,0.0,0.0,0.0,4
567,12.10832033862051,lo_top_Bid,45.0,44.99,45.01,44.98,0.0,0.0,0.0,0.0,4
568,12.108347649383019,co_deep_Bid,45.0,44.99,45.01,44.98,0.0,0.0,0.0,0.0,4
569,12.108363062311593,lo_top_Bid,45.0,44.99,45.01,44.98,0.0,0.0,0.0,0.0,4
570,12.10860364280504,co_top_Bid,45.0,44.99,45.01,44.98,0.0,0.0,0.0,0.0,4
571,12.10865134082421,co_deep_Bid,45.0,44.99,45.01,44.98,0.0,0.0,0.0,0.0,4
572,12.108805997049199,lo_top_Bid,45.0,44.99,45.01,44.98,0.0,0.0,0.0,0.0,4
573,12.108843739423717,lo_top_Bid,45.0,44.99,45.01,44.98,0.0,0.0,0.0,0.0,4
574,12.108954627732839,co_deep_Bid,45.0,44.99,45.01,44.98,0.0,0.0,0.0,0.0,4
575,12.108964078142572,co_deep_Bid,45.0,44.99,45.01,44.98,0.0,0.0,0.0,0.0,4
576,12.109059630961264,co_deep_Bid,45.0,44.99,45.01,44.98,0.0,0.0,0.0,0.0,4
577,12.109076328162889,co_deep_Bid,45.0,44.99,45.01,44.98,0.0,0.0,0.0,0.0,4
578,12.10909655894163,lo_deep_Bid,45.0,44.99,45.01,44.98,0.0,0.0,0.0,0.0,4
579,12.109125618392607,lo_deep_Bid,45.0,44.99,45.01,44.98,0.0,0.0,0.0,0.0,4
580,12.109235366238623,lo_top_Bid,45.0,44.99,45.01,44.98,0.0,0.0,0.0,0.0,4
581,12.109287308912688,co_deep_Bid,45.0,44.99,45.01,44.98,0.0,0.0,0.0,0.0,4
582,12.109324457268931,lo_top_Bid,45.0,44.99,45.01,44.98,0.0,0.0,0.0,0.0,4
583,12.109338016503141,lo_top_Bid,45.0,44.99,45.01,44.98,0.0,0.0,0.0,0.0,4
584,12.109344029991329,co_top_Bid,45.0,44.99,45.01,44.98,0.0,0.0,0.0,0.0,4
585,12.109408817767035,lo_top_Bid,45.0,44.99,45.01,44.98,0.0,0.0,0.0,0.0,4
586,12.109412852940112,co_deep_Bid,45.0,44.99,45.01,44.98,0.0,0.0,0.0,0.0,4
587,12.109453603050035,lo_deep_Bid,45.0,44.99,45.01,44.98,0.0,0.0,0.0,0.0,4
588,12.109480235261975,co_top_Bid,45.0,44.99,45.01,44.98,0.0,0.0,0.0,0.0,4
589,12.10952501197846,co_top_Bid,45.0,44.99,45.01,44.98,0.0,0.0,0.0,0.0,4
590,12.10952787981847,lo_top_Bid,45.0,44.99,45.01,44.98,0.0,0.0,0.0,0.0,4
591,12.109535101825008,lo_top_Bid,45.0,44.99,45.01,44.98,0.0,0.0,0.0,0.0,4
592,12.10961497324028,co_top_Bid,45.0,44.99,45.01,44.98,0.0,0.0,0.0,0.0,4
593,12.109618566444315,lo_top_Bid,45.0,44.99,45.01,44.98,0.0,0.0,0.0,0.0,4
594,12.109627170059143,lo_top_Bid,45.0,44.99,45.01,44.98,0.0,0.0,0.0,0.0,4
595,12.109641882158499,co_top_Bid,45.0,44.99,45.01,44.98,0.0,0.0,0.0,0.0,4
596,12.109692113707238,co_deep_Bid,45.0,44.99,45.01,44.98,0.0,0.0,0.0,0.0,4
597,12.109693767401167,co_top_Bid,45.0,44.99,45.01,44.98,0.0,0.0,0.0,0.0,4
598,12.10975636353332,lo_top_Bid,45.0,44.99,45.01,44.98,0.0,0.0,0.0,0.0,4
599,12.109762673691433,co_top_Bid,45.0,44.99,45.01,44.98,0.0,0.0,0.0,0.0,4
600,12.109767503610344,lo_top_Bid,45.0,44.99,45.01,44.98,0.0,0.0,0.0,0.0,4
601,12.109980013358975,lo_top_Bid,45.0,44.99,45.01,44.98,0.0,0.0,0.0,0.0,4
602,12.110038517541613,co_top_Bid,45.0,44.99,45.01,44.98,0.0,0.0,0.0,0.0,4
603,12.11003998407266,co_deep_Bid,45.0,44.99,45.01,44.98,0.0,0.0,0.0,0.0,4
604,12.110043967581824,lo_deep_Bid,45.0,44.99,45.01,44.98,0.0,0.0,0.0,0.0,4
605,12.110054665523606,lo_top_Bid,45.0,44.99,45.01,44.98,0.0,0.0,0.0,0.0,4
606,12.110121809955885,co_deep_Bid,45.0,44.99,45.01,44.98,0.0,0.0,0.0,0.0,4
607,12.110162339027008,lo_top_Bid,45.0,44.99,45.01,44.98,0.0,0.0,0.0,0.0,4
608,12.110344888071939,lo_top_Bid,45.0,44.99,45.01,44.98,0.0,0.0,0.0,0.0,4
609,12.110754414230412,lo_top_Bid,45.0,44.99,45.01,44.98,0.0,0.0,0.0,0.0,4
610,12.11087901437565,lo_top_Bid,45.0,44.99,45.01,44.98,0.0,0.0,0.0,0.0,4
611,12.110892325876053,co_deep_Bid,45.0,44.99,45.01,44.98,0.0,0.0,0.0,0.0,4
612,12.110962165047182,co_deep_Bid,45.0,44.99,45.01,44.98,0.0,0.0,0.0,0.0,4
613,12.111092164466427,co_deep_Bid,45.0,44.99,45.01,44.98,0.0,0.0,0.0,0.0,4
614,12.11117378095042,lo_deep_Bid,45.0,44.99,45.01,44.98,0.0,0.0,0.0,0.0,4
615,12.111297185196474,co_deep_Bid,45.0,44.99,45.01,44.98,0.0,0.0,0.0,0.0,4
616,12.1113906728961,lo_top_Bid,45.0,44.99,45.01,44.98,0.0,0.0,0.0,0.0,4
617,12.111393766836787,lo_top_Bid,45.0,44.99,45.01,44.98,0.0,0.0,0.0,0.0,4
618,12.111438566637565,lo_deep_Bid,45.0,44.99,45.01,44.98,0.0,0.0,0.0,0.0,4
619,12.111539688007456,lo_top_Bid,45.0,44.99,45.01,44.98,0.0,0.0,0.0,0.0,4
620,12.111724114618903,co_deep_Bid,45.0,44.99,45.01,44.98,0.0,0.0,0.0,0.0,4
621,12.112623749430341,co_deep_Bid,45.0,44.99,45.01,44.98,0.0,0.0,0.0,0.0,4
622,12.11283205149853,co_deep_Bid,45.0,44.99,45.01,44.98,0.0,0.0,0.0,0.0,4
623,12.112844969353757,lo_deep_Bid,45.0,44.99,45.01,44.98,0.0,0.0,0.0,0.0,4
624,12.112853770369078,lo_deep_Bid,45.0,44.99,45.01,44.98,0.0,0.0,0.0,0.0,4
625,12.113480176703966,lo_top_Bid,45.0,44.99,45.01,44.98,0.0,0.0,0.0,0.0,4
626,12.113936179705954,lo_top_Bid,45.0,44.99,45.01,44.98,0.0,0.0,0.0,0.0,4
627,12.113964545318574,co_deep_Bid,45.0,44.99,45.01,44.98,0.0,0.0,0.0,0.0,4
628,12.114024237764404,lo_deep_Bid,45.0,44.99,45.01,44.98,0.0,0.0,0.0,0.0,4
629,12.114031444931774,lo_top_Bid,45.0,44.99,45.01,44.98,0.0,0.0,0.0,0.0,4
630,12.114379104358507,lo_top_Bid,45.0,44.99,45.01,44.98,0.0,0.0,0.0,0.0,4
631,12.114548019013387,co_top_Bid,45.0,44.99,45.01,44.98,0.0,0.0,0.0,0.0,4
632,12.114670360727914,lo_top_Bid,45.0,44.99,45.01,44.98,0.0,0.0,0.0,0.0,4
633,12.114706931310241,co_deep_Bid,45.0,44.99,45.01,44.98,0.0,0.0,0.0,0.0,4
634,12.114708731180272,co_top_Bid,45.0,44.99,45.01,44.98,0.0,0.0,0.0,0.0,4
635,12.114749326841517,co_top_Bid,45.0,44.99,45.01,44.98,0.0,0.0,0.0,0.0,4
636,12.11476129287435,co_top_Bid,45.0,44.99,45.01,44.98,0.0,0.0,0.0,0.0,4
637,12.114832498401494,lo_top_Bid,45.0,44.99,45.01,44.98,0.0,0.0,0.0,0.0,4
638,12.114905231098733,co_deep_Bid,45.0,44.99,45.01,44.98,0.0,0.0,0.0,0.0,4
639,12.114941502180596,co_deep_Bid,45.0,44.99,45.01,44.98,0.0,0.0,0.0,0.0,4
640,12.115293185011852,co_deep_Bid,45.0,44.99,45.01,44.98,0.0,0.0,0.0,0.0,4
641,12.115406728547628,lo_top_Bid,45.0,44.99,45.01,44.98,0.0,0.0,0.0,0.0,4
642,12.11548341552764,lo_top_Bid,45.0,44.99,45.01,44.98,0.0,0.0,0.0,0.0,4
643,12.115597560041268,co_deep_Bid,45.0,44.99,45.01,44.98,0.0,0.0,0.0,0.0,4
644,12.115697316135567,co_deep_Bid,45.0,44.99,45.01,44.98,0.0,0.0,0.0,0.0,4
645,12.115705792644318,co_deep_Bid,45.0,44.99,45.01,44.98,0.0,0.0,0.0,0.0,4
646,12.115718814016132,lo_top_Bid,45.0,44.99,45.01,44.98,0.0,0.0,0.0,0.0,4
647,12.115759664188865,lo_top_Bid,45.0,44.99,45.01,44.98,0.0,0.0,0.0,0.0,4
648,12.115919768869723,co_deep_Bid,45.0,44.99,45.01,44.98,0.0,0.0,0.0,0.0,4
649,12.115930608904849,lo_top_Bid,45.0,44.99,45.01,44.98,0.0,0.0,0.0,0.0,4
650,12.115993067765627,co_top_Bid,45.0,44.99,45.01,44.98,0.0,0.0,0.0,0.0,4
651,12.116013333118019,lo_top_Bid,45.0,44.99,45.01,44.98,0.0,0.0,0.0,0.0,4
652,12.11603151937871,co_top_Bid,45.0,44.99,45.01,44.98,0.0,0.0,0.0,0.0,4
653,12.116411603893884,co_top_Bid,45.0,44.99,45.01,44.98,0.0,0.0,0.0,0.0,4
654,12.116493334848395,lo_top_Bid,45.0,44.99,45.01,44.98,0.0,0.0,0.0,0.0,4
655,12.11652322276708,co_top_Bid,45.0,44.99,45.01,44.98,0.0,0.0,0.0,0.0,4
656,12.116601652420478,co_top_Bid,45.0,44.99,45.01,44.98,0.0,0.0,0.0,0.0,4
657,12.116868623952714,lo_top_Bid,45.0,44.99,45.01,44.98,0.0,0.0,0.0,0.0,4
658,12.116953273646013,co_deep_Bid,45.0,44.99,45.01,44.98,0.0,0.0,0.0,0.0,4
659,12.117173536517166,co_top_Bid,45.0,44.99,45.01,44.98,0.0,0.0,0.0,0.0,4
660,12.117200161814832,co_deep_Bid,45.0,44.99,45.01,44.98,0.0,0.0,0.0,0.0,4
661,12.117210667470152,co_top_Bid,45.0,44.99,45.01,44.98,0.0,0.0,0.0,0.0,4
662,12.11797032736905,co_top_Bid,45.0,44.99,45.01,44.98,0.0,0.0,0.0,0.0,4
663,12.117971881581406,mo_Bid,45.0,44.99,45.01,44.98,0.0,0.0,0.0,0.0,4
664,12.11803824104004,lo_top_Bid,45.0,44.99,45.01,44.98,0.0,0.0,0.0,0.0,4
665,12.118057588735867,co_deep_Bid,45.0,44.99,45.01,44.98,0.0,0.0,0.0,0.0,4
666,12.118227912516964,lo_deep_Bid,45.0,44.99,45.01,44.98,0.0,0.0,0.0,0.0,4
667,12.118475770361488,co_deep_Bid,45.0,44.99,45.01,44.98,0.0,0.0,0.0,0.0,4
668,12.11861797014066,co_deep_Bid,45.0,44.99,45.01,44.98,0.0,0.0,0.0,0.0,4
669,12.119383085113725,lo_deep_Bid,45.0,44.99,45.01,44.98,0.0,0.0,0.0,0.0,4
670,12.11944440085483,lo_deep_Bid,45.0,44.99,45.01,44.98,0.0,0.0,0.0,0.0,4
671,12.11945454049538,lo_deep_Bid,45.0,44.99,45.01,44.98,0.0,0.0,0.0,0.0,4
672,12.11954280266096,lo_top_Bid,45.0,44.99,45.01,44.98,0.0,0.0,0.0,0.0,4
673,12.119553520013786,lo_top_Bid,45.0,44.99,45.01,44.98,0.0,0.0,0.0,0.0,4
674,12.119654026168865,lo_deep_Bid,45.0,44.99,45.01,44.98,0.0,0.0,0.0,0.0,4
675,12.11971562698431,lo_deep_Bid,45.0,44.99,45.01,44.98,0.0,0.0,0.0,0.0,4
676,12.119775389035778,lo_deep_Bid,45.0,44.99,45.01,44.98,0.0,0.0,0.0,0.0,4
677,12.119826680542335,lo_deep_Bid,45.0,44.99,45.01,44.98,0.0,0.0,0.0,0.0,4
678,12.122062014482632,lo_top_Bid,45.0,44.99,45.01,44.98,0.0,0.0,0.0,0.0,4
679,12.122437376942678,lo_top_Bid,45.0,44.99,45.01,44.98,0.0,0.0,0.0,0.0,4
680,12.122570653902782,co_top_Bid,45.0,44.99,45.01,44.98,0.0,0.0,0.0,0.0,4
681,12.122583242453425,co_top_Bid,45.0,44.99,45.01,44.98,0.0,0.0,0.0,0.0,4
682,12.122586536889074,lo_top_Bid,45.0,44.99,45.01,44.98,0.0,0.0,0.0,0.0,4
683,12.122586639583464,co_top_Bid,45.0,44.99,45.01,44.98,0.0,0.0,0.0,0.0,4
684,12.122586960592805,co_top_Bid,45.0,44.99,45.01,44.98,0.0,0.0,0.0,0.0,4
685,12.122593678647323,mo_Bid,45.0,44.99,45.01,44.98,0.0,0.0,0.0,0.0,4
686,12.122602472878015,co_top_Bid,45.0,44.99,45.01,44.98,0.0,0.0,0.0,0.0,4
687,12.122630803423784,mo_Bid,45.0,44.99,45.01,44.98,0.0,0.0,0.0,0.0,4
688,12.12263570020783,mo_Bid,45.0,44.99,45.01,44.98,0.0,0.0,0.0,0.0,4
689,12.12282120415059,co_top_Bid,45.0,44.99,45.01,44.98,0.0,0.0,0.0,0.0,4
690,12.122933364509073,mo_Bid,45.0,44.99,45.01,44.98,0.0,0.0,0.0,0.0,4
691,12.122951404242132,mo_Bid,45.0,44.99,45.01,44.98,0.0,0.0,0.0,0.0,4
692,12.123253698266101,lo_top_Bid,45.0,44.99,45.01,44.98,0.0,0.0,0.0,0.0,4
693,12.123316286012486,mo_Bid,45.0,44.99,45.01,44.98,0.0,0.0,0.0,0.0,4
694,12.123462400344103,mo_Bid,45.0,44.99,45.01,44.98,0.0,0.0,0.0,0.0,4
695,12.123507158147248,lo_top_Bid,45.0,44.99,45.01,44.98,0.0,0.0,0.0,0.0,4
696,12.123799780338231,lo_top_Bid,45.0,44.99,45.01,44.98,0.0,0.0,0.0,0.0,4
697,12.124284612417062,lo_top_Bid,45.0,44.99,45.01,44.98,0.0,0.0,0.0,0.0,4
698,12.124299602249565,lo_top_Bid,45.0,44.99,45.01,44.98,0.0,0.0,0.0,0.0,4
699,12.124324162424758,co_deep_Bid,45.0,44.99,45.01,44.98,0.0,0.0,0.0,0.0,4
700,12.124610496542847,lo_top_Bid,45.0,44.99,45.01,44.98,0.0,0.0,0.0,0.0,4
701,12.124794742054737,co_deep_Bid,45.0,44.99,45.01,44.98,0.0,0.0,0.0,0.0,4
702,12.124814251842437,lo_deep_Bid,45.0,44.99,45.01,44.98,0.0,0.0,0.0,0.0,4
703,12.12549035910316,mo_Bid,45.0,44.99,45.01,44.98,0.0,0.0,0.0,0.0,4
704,12.126051621948703,lo_top_Bid,45.0,44.99,45.01,44.98,0.0,0.0,0.0,0.0,4
705,12.126167187072694,lo_top_Bid,45.0,44.99,45.01,44.98,0.0,0.0,0.0,0.0,4
706,12.127272601087007,lo_top_Bid,45.0,44.99,45.01,44.98,0.0,0.0,0.0,0.0,4
707,12.128915623928082,co_deep_Bid,45.0,44.99,45.01,44.98,0.0,0.0,0.0,0.0,4
708,12.129065785227953,lo_top_Bid,45.0,44.99,45.01,44.98,0.0,0.0,0.0,0.0,4
709,12.129113124929098,co_deep_Bid,45.0,44.99,45.01,44.98,0.0,0.0,0.0,0.0,4
710,12.129427591273222,co_deep_Bid,45.0,44.99,45.01,44.98,0.0,0.0,0.0,0.0,4
711,12.130003661388331,lo_top_Bid,45.0,44.99,45.01,44.98,0.0,0.0,0.0,0.0,4
712,12.134669138650668,mo_Bid,45.0,44.99,45.01,44.98,0.0,0.0,0.0,0.0,4
713,12.134837181249733,lo_top_Bid,45.0,44.99,45.01,44.98,0.0,0.0,0.0,0.0,4
714,12.13490498102653,lo_top_Bid,45.0,44.99,45.01,44.98,0.0,0.0,0.0,0.0,4
715,12.135650727087729,lo_top_Bid,45.0,44.99,45.01,44.98,0.0,0.0,0.0,0.0,4
716,12.135974119994286,co_top_Bid,45.0,44.99,45.01,44.98,0.0,0.0,0.0,0.0,4
717,12.138004383122011,lo_top_Bid,45.0,44.99,45.01,44.98,0.0,0.0,0.0,0.0,4
718,12.13809892746147,co_deep_Bid,45.0,44.99,45.01,44.98,0.0,0.0,0.0,0.0,4
719,12.138208929904135,co_deep_Bid,45.0,44.99,45.01,44.98,0.0,0.0,0.0,0.0,4
720,12.13900121556783,lo_top_Bid,45.0,44.99,45.01,44.98,0.0,0.0,0.0,0.0,4
721,12.13900754369868,lo_top_Bid,45.0,44.99,45.01,44.98,0.0,0.0,0.0,0.0,4
722,12.13904571957681,co_deep_Bid,45.0,44.99,45.01,44.98,0.0,0.0,0.0,0.0,4
723,12.139130489150368,co_deep_Bid,45.0,44.99,45.01,44.98,0.0,0.0,0.0,0.0,4
724,12.139245960585106,co_deep_Bid,45.0,44.99,45.01,44.98,0.0,0.0,0.0,0.0,4
725,12.139259326710892,lo_top_Bid,45.0,44.99,45.01,44.98,0.0,0.0,0.0,0.0,4
726,12.139309450782132,lo_top_Bid,45.0,44.99,45.01,44.98,0.0,0.0,0.0,0.0,4
727,12.13931293493389,co_deep_Bid,45.0,44.99,45.01,44.98,0.0,0.0,0.0,0.0,4
728,12.139324450369468,co_deep_Bid,45.0,44.99,45.01,44.98,0.0,0.0,0.0,0.0,4
729,12.139570541235072,co_deep_Bid,45.0,44.99,45.01,44.98,0.0,0.0,0.0,0.0,4
730,12.139797879021287,co_deep_Bid,45.0,44.99,45.01,44.98,0.0,0.0,0.0,0.0,4
731,12.139841348801479,lo_top_Bid,45.0,44.99,45.01,44.98,0.0,0.0,0.0,0.0,4
732,12.13994776056753,lo_top_Bid,45.0,44.99,45.01,44.98,0.0,0.0,0.0,0.0,4
733,12.139969342733853,co_top_Bid,45.0,44.99,45.01,44.98,0.0,0.0,0.0,0.0,4
734,12.139970215101958,co_top_Bid,45.0,44.99,45.01,44.98,0.0,0.0,0.0,0.0,4
735,12.13997231099233,co_top_Bid,45.0,44.99,45.01,44.98,0.0,0.0,0.0,0.0,4
736,12.139980651719265,co_top_Bid,45.0,44.99,45.01,44.98,0.0,0.0,0.0,0.0,4
737,12.140050006446975,co_top_Bid,45.0,44.99,45.01,44.98,0.0,0.0,0.0,0.0,4
738,12.140146654746147,mo_Bid,45.0,44.99,45.01,44.98,0.0,0.0,0.0,0.0,4
739,12.140164691049497,co_top_Bid,45.0,44.99,45.01,44.98,0.0,0.0,0.0,0.0,4
740,12.140242731305852,co_top_Bid,45.0,44.99,45.01,44.98,0.0,0.0,0.0,0.0,4
741,12.140419776667313,co_top_Bid,45.0,44.99,45.01,44.98,0.0,0.0,0.0,0.0,4
742,12.14043637847285,lo_top_Bid,45.0,44.99,45.01,44.98,0.0,0.0,0.0,0.0,4
743,12.140534331266617,lo_top_Bid,45.0,44.99,45.01,44.98,0.0,0.0,0.0,0.0,4
744,12.1405351584789,co_top_Bid,45.0,44.99,45.01,44.98,0.0,0.0,0.0,0.0,4
745,12.140758018180247,co_top_Bid,45.0,44.99,45.01,44.98,0.0,0.0,0.0,0.0,4
746,12.140814061824292,mo_Bid,45.0,44.99,45.01,44.98,0.0,0.0,0.0,0.0,4
747,12.141347072106912,co_top_Bid,45.0,44.99,45.01,44.98,0.0,0.0,0.0,0.0,4
748,12.141515681518259,mo_Bid,45.0,44.99,45.01,44.98,0.0,0.0,0.0,0.0,4
749,12.142018702621094,lo_top_Bid,45.0,44.99,45.01,44.98,0.0,0.0,0.0,0.0,4
750,12.14203725237023,co_deep_Bid,45.0,44.99,45.01,44.98,0.0,0.0,0.0,0.0,4
751,12.1420396753274,co_deep_Bid,45.0,44.99,45.01,44.98,0.0,0.0,0.0,0.0,4
752,12.142105316193051,co_deep_Bid,45.0,44.99,45.01,44.98,0.0,0.0,0.0,0.0,4
753,12.142315587117853,co_deep_Bid,45.0,44.99,45.01,44.98,0.0,0.0,0.0,0.0,4
754,12.14232824144916,co_deep_Bid,45.0,44.99,45.01,44.98,0.0,0.0,0.0,0.0,4
755,12.142447301321939,lo_deep_Bid,45.0,44.99,45.01,44.98,0.0,0.0,0.0,0.0,4
756,12.142502787748372,lo_top_Bid,45.0,44.99,45.01,44.98,0.0,0.0,0.0,0.0,4
757,12.142632401126786,co_deep_Bid,45.0,44.99,45.01,44.98,0.0,0.0,0.0,0.0,4
758,12.142730864570163,co_deep_Bid,45.0,44.99,45.01,44.98,0.0,0.0,0.0,0.0,4
759,12.142789073655198,lo_top_Bid,45.0,44.99,45.01,44.98,0.0,0.0,0.0,0.0,4
760,12.143131022283777,lo_top_Bid,45.0,44.99,45.01,44.98,0.0,0.0,0.0,0.0,4
761,12.143229387559728,co_deep_Bid,45.0,44.99,45.01,44.98,0.0,0.0,0.0,0.0,4
762,12.14392047150907,lo_top_Bid,45.0,44.99,45.01,44.98,0.0,0.0,0.0,0.0,4
763,12.145461751899264,lo_top_Bid,45.0,44.99,45.01,44.98,0.0,0.0,0.0,0.0,4
764,12.145640085327265,co_top_Bid,45.0,44.99,45.01,44.98,0.0,0.0,0.0,0.0,4
765,12.146023764503688,lo_top_Bid,45.0,44.99,45.01,44.98,0.0,0.0,0.0,0.0,4
766,12.146095740354642,lo_top_Bid,45.0,44.99,45.01,44.98,0.0,0.0,0.0,0.0,4
767,12.148593332574945,co_deep_Bid,45.0,44.99,45.01,44.98,0.0,0.0,0.0,0.0,4
768,12.148603180936952,co_deep_Bid,45.0,44.99,45.01,44.98,0.0,0.0,0.0,0.0,4
769,12.14866925598737,lo_deep_Bid,45.0,44.99,45.01,44.98,0.0,0.0,0.0,0.0,4
770,12.149080853658077,lo_deep_Bid,45.0,44.99,45.01,44.98,0.0,0.0,0.0,0.0,4
771,12.149255428983452,mo_Bid,45.0,44.99,45.01,44.98,0.0,0.0,0.0,0.0,4
772,12.149706106539535,lo_deep_Bid,45.0,44.99,45.01,44.98,0.0,0.0,0.0,0.0,4
773,12.150651418691005,lo_top_Bid,45.0,44.99,45.01,44.98,0.0,0.0,0.0,0.0,4
774,12.150736466903888,co_top_Bid,45.0,44.99,45.01,44.98,0.0,0.0,0.0,0.0,4
775,12.150868720797037,co_top_Bid,45.0,44.99,45.01,44.98,0.0,0.0,0.0,0.0,4
776,12.154118943528537,lo_top_Bid,45.0,44.99,45.01,44.98,0.0,0.0,0.0,0.0,4
777,12.1547054494457,lo_top_Bid,45.0,44.99,45.01,44.98,0.0,0.0,0.0,0.0,4
778,12.156047764663295,co_deep_Bid,45.0,44.99,45.01,44.98,0.0,0.0,0.0,0.0,4
779,12.156068967792276,lo_top_Bid,45.0,44.99,45.01,44.98,0.0,0.0,0.0,0.0,4
780,12.156356579630614,lo_top_Bid,45.0,44.99,45.01,44.98,0.0,0.0,0.0,0.0,4
781,12.156746921602995,lo_top_Bid,45.0,44.99,45.01,44.98,0.0,0.0,0.0,0.0,4
782,12.15709596871941,co_top_Bid,45.0,44.99,45.01,44.98,0.0,0.0,0.0,0.0,4
783,12.157806362055611,co_deep_Bid,45.0,44.99,45.01,44.98,0.0,0.0,0.0,0.0,4
784,12.158018655001566,lo_deep_Bid,45.0,44.99,45.01,44.98,0.0,0.0,0.0,0.0,4
785,12.158159690709596,lo_deep_Bid,45.0,44.99,45.01,44.98,0.0,0.0,0.0,0.0,4
786,12.158197421030197,lo_deep_Bid,45.0,44.99,45.01,44.98,0.0,0.0,0.0,0.0,4
787,12.159595961949307,lo_deep_Bid,45.0,44.99,45.01,44.98,0.0,0.0,0.0,0.0,4
788,12.162900853905125,co_top_Bid,45.0,44.99,45.01,44.98,0.0,0.0,0.0,0.0,4
789,12.162902280803927,lo_top_Bid,45.0,44.99,45.01,44.98,0.0,0.0,0.0,0.0,4
790,12.162966787116533,co_deep_Bid,45.0,44.99,45.01,44.98,0.0,0.0,0.0,0.0,4
791,12.162996716087397,co_top_Bid,45.0,44.99,45.01,44.98,0.0,0.0,0.0,0.0,4
792,12.163006072618197,co_top_Bid,45.0,44.99,45.01,44.98,0.0,0.0,0.0,0.0,4
793,12.16313938218035,co_top_Bid,45.0,44.99,45.01,44.98,0.0,0.0,0.0,0.0,4
794,12.163249919370083,mo_Bid,45.0,44.99,45.01,44.98,0.0,0.0,0.0,0.0,4
795,12.163295877473981,lo_top_Bid,45.0,44.99,45.01,44.98,0.0,0.0,0.0,0.0,4
796,12.16348859145292,co_deep_Bid,45.0,44.99,45.01,44.98,0.0,0.0,0.0,0.0,4
797,12.163603632547552,lo_top_Bid,45.0,44.99,45.01,44.98,0.0,0.0,0.0,0.0,4
798,12.163614569961089,co_deep_Bid,45.0,44.99,45.01,44.98,0.0,0.0,0.0,0.0,4
799,12.163632245050296,co_deep_Bid,45.0,44.99,45.01,44.98,0.0,0.0,0.0,0.0,4
800,12.163706220047267,lo_deep_Bid,45.0,44.99,45.01,44.98,0.0,0.0,0.0,0.0,4
801,12.163724234510257,lo_top_Bid,45.0,44.99,45.01,44.98,0.0,0.0,0.0,0.0,4
802,12.164026955767287,co_deep_Bid,45.0,44.99,45.01,44.98,0.0,0.0,0.0,0.0,4
803,12.16405378804953,lo_top_Bid,45.0,44.99,45.01,44.98,0.0,0.0,0.0,0.0,4
804,12.164093177154912,co_deep_Bid,45.0,44.99,45.01,44.98,0.0,0.0,0.0,0.0,4
805,12.164104792952184,co_deep_Bid,45.0,44.99,45.01,44.98,0.0,0.0,0.0,0.0,4
806,12.164157831746095,lo_deep_Bid,45.0,44.99,45.01,44.98,0.0,0.0,0.0,0.0,4
807,12.164607208647167,lo_top_Bid,45.0,44.99,45.01,44.98,0.0,0.0,0.0,0.0,4
808,12.164752240543233,lo_top_Bid,45.0,44.99,45.01,44.98,0.0,0.0,0.0,0.0,4
809,12.164901611090173,co_top_Bid,45.0,44.99,45.01,44.98,0.0,0.0,0.0,0.0,4
810,12.164976754251406,lo_top_Bid,45.0,44.99,45.01,44.98,0.0,0.0,0.0,0.0,4
811,12.165560221755849,lo_top_Bid,45.0,44.99,45.01,44.98,0.0,0.0,0.0,0.0,4
812,12.165940084428506,lo_top_Bid,45.0,44.99,45.01,44.98,0.0,0.0,0.0,0.0,4
813,12.16601275538126,co_top_Ask,45.0,44.99,45.01,44.98,0.0,0.0,0.0,0.0,4
814,12.166162068832525,co_deep_Bid,45.0,44.99,45.01,44.98,0.0,0.0,0.0,0.0,4
815,12.166185822989155,co_deep_Bid,45.0,44.99,45.01,44.98,0.0,0.0,0.0,0.0,4
816,12.166227906057836,lo_deep_Bid,45.0,44.99,45.01,44.98,0.0,0.0,0.0,0.0,4
817,12.166235041517947,lo_deep_Bid,45.0,44.99,45.01,44.98,0.0,0.0,0.0,0.0,4
818,12.166316554498726,co_deep_Bid,45.0,44.99,45.01,44.98,0.0,0.0,0.0,0.0,4
819,12.166353248995618,co_deep_Bid,45.0,44.99,45.01,44.98,0.0,0.0,0.0,0.0,4
820,12.166371702604039,co_deep_Bid,45.0,44.99,45.01,44.98,0.0,0.0,0.0,0.0,4
821,12.166477099734411,lo_top_Bid,45.0,44.99,45.01,44.98,0.0,0.0,0.0,0.0,4
822,12.166552434987878,co_deep_Bid,45.0,44.99,45.01,44.98,0.0,0.0,0.0,0.0,4
823,12.166686593444497,lo_top_Bid,45.0,44.99,45.01,44.98,0.0,0.0,0.0,0.0,4
824,12.16674800190591,co_deep_Bid,45.0,44.99,45.01,44.98,0.0,0.0,0.0,0.0,4
825,12.166752252269033,co_deep_Bid,45.0,44.99,45.01,44.98,0.0,0.0,0.0,0.0,4
826,12.166837019659834,lo_deep_Bid,45.0,44.99,45.01,44.98,0.0,0.0,0.0,0.0,4
827,12.16690694644545,lo_top_Bid,45.0,44.99,45.01,44.98,0.0,0.0,0.0,0.0,4
828,12.166938680950784,lo_deep_Bid,45.0,44.99,45.01,44.98,0.0,0.0,0.0,0.0,4
829,12.166951498904703,lo_deep_Bid,45.0,44.99,45.01,44.98,0.0,0.0,0.0,0.0,4
830,12.167207832935953,co_top_Ask,45.0,44.99,45.01,44.98,0.0,0.0,0.0,0.0,4
831,12.167243983426507,co_top_Ask,45.0,44.99,45.01,44.98,0.0,0.0,0.0,0.0,4
832,12.167258563123614,lo_top_Bid,45.0,44.99,45.01,44.98,0.0,0.0,0.0,0.0,4
833,12.16733019130438,co_top_Ask,45.0,44.99,45.01,44.98,0.0,0.0,0.0,0.0,4
834,12.167494909739048,co_deep_Bid,45.0,44.99,45.01,44.98,0.0,0.0,0.0,0.0,4
835,12.167705345765564,co_deep_Bid,45.0,44.99,45.01,44.98,0.0,0.0,0.0,0.0,4
836,12.167739163779194,lo_deep_Bid,45.0,44.99,45.01,44.98,0.0,0.0,0.0,0.0,4
837,12.167740054111547,lo_deep_Bid,45.0,44.99,45.01,44.98,0.0,0.0,0.0,0.0,4
838,12.168061530181706,lo_top_Bid,45.0,44.99,45.01,44.98,0.0,0.0,0.0,0.0,4
839,12.168378695465092,lo_top_Bid,45.0,44.99,45.01,44.98,0.0,0.0,0.0,0.0,4
840,12.168837829764843,lo_top_Bid,45.0,44.99,45.01,44.98,0.0,0.0,0.0,0.0,4
841,12.171659487030718,lo_deep_Bid,45.0,44.99,45.01,44.98,0.0,0.0,0.0,0.0,4
842,12.175337308907714,lo_deep_Bid,45.0,44.99,45.01,44.98,0.0,0.0,0.0,0.0,4
843,12.175911152515853,lo_deep_Bid,45.0,44.99,45.01,44.98,0.0,0.0,0.0,0.0,4
844,12.175924311098655,lo_deep_Bid,45.0,44.99,45.01,44.98,0.0,0.0,0.0,0.0,4
845,12.175993890736285,lo_deep_Bid,45.0,44.99,45.01,44.98,0.0,0.0,0.0,0.0,4
846,12.176711414204313,lo_deep_Bid,45.0,44.99,45.01,44.98,0.0,0.0,0.0,0.0,4
847,12.176730919601525,lo_deep_Bid,45.0,44.99,45.01,44.98,0.0,0.0,0.0,0.0,4
848,12.183948819701433,lo_top_Bid,45.0,44.99,45.01,44.98,0.0,0.0,0.0,0.0,4
849,12.184126524121607,lo_top_Bid,45.0,44.99,45.01,44.98,0.0,0.0,0.0,0.0,4
850,12.184199344495875,lo_top_Bid,45.0,44.99,45.01,44.98,0.0,0.0,0.0,0.0,4
851,12.187041672099305,co_top_Ask,45.0,44.99,45.01,44.98,0.0,0.0,0.0,0.0,4
852,12.210243355354518,lo_top_Bid,45.0,44.99,45.01,44.98,0.0,0.0,0.0,0.0,4
853,12.211660353647007,lo_top_Bid,45.0,44.99,45.01,44.98,0.0,0.0,0.0,0.0,4
854,12.268391994525823,lo_top_Bid,45.0,44.99,45.01,44.98,0.0,0.0,0.0,0.0,4
855,12.268721184975844,co_deep_Bid,45.0,44.99,45.01,44.98,0.0,0.0,0.0,0.0,4
856,12.269082968457115,lo_deep_Bid,45.0,44.99,45.01,44.98,0.0,0.0,0.0,0.0,4
857,12.269218653458847,lo_top_Bid,45.0,44.99,45.01,44.98,0.0,0.0,0.0,0.0,4
858,12.269247110417894,lo_top_Bid,45.0,44.99,45.01,44.98,0.0,0.0,0.0,0.0,4
859,12.269320960989747,lo_top_Bid,45.0,44.99,45.01,44.98,0.0,0.0,0.0,0.0,4
860,12.269324885297674,lo_top_Bid,45.0,44.99,45.01,44.98,0.0,0.0,0.0,0.0,4
861,12.269375079245778,lo_top_Bid,45.0,44.99,45.01,44.98,0.0,0.0,0.0,0.0,4
862,12.26937618818244,lo_top_Bid,45.0,44.99,45.01,44.98,0.0,0.0,0.0,0.0,4
863,12.269493444168496,co_top_Bid,45.0,44.99,45.01,44.98,0.0,0.0,0.0,0.0,4
864,12.270109156458142,co_top_Bid,45.0,44.99,45.01,44.98,0.0,0.0,0.0,0.0,4
865,12.270165270883233,co_top_Bid,45.0,44.99,45.01,44.98,0.0,0.0,0.0,0.0,4
866,12.271458238247643,co_top_Bid,45.0,44.99,45.01,44.98,0.0,0.0,0.0,0.0,4
867,12.271470649366579,co_top_Bid,45.0,44.99,45.01,44.98,0.0,0.0,0.0,0.0,4
868,12.271486806847815,lo_top_Bid,45.0,44.99,45.01,44.98,0.0,0.0,0.0,0.0,4
869,12.271696775705827,mo_Bid,45.0,44.99,45.01,44.98,0.0,0.0,0.0,0.0,4
870,12.271779142595562,co_top_Bid,45.0,44.99,45.01,44.98,0.0,0.0,0.0,0.0,4
871,12.271859229999848,mo_Bid,45.0,44.99,45.01,44.98,0.0,0.0,0.0,0.0,4
872,12.272150511299609,mo_Bid,45.0,44.99,45.01,44.98,0.0,0.0,0.0,0.0,4
873,12.30103862798636,mo_Bid,45.0,44.99,45.01,44.98,0.0,0.0,0.0,0.0,4
874,12.303454544724882,lo_top_Bid,45.0,44.99,45.01,44.98,0.0,0.0,0.0,0.0,4
875,12.306728622252129,lo_top_Bid,45.0,44.99,45.01,44.98,0.0,0.0,0.0,0.0,4
876,12.307006888559942,co_deep_Bid,45.0,44.99,45.01,44.98,0.0,0.0,0.0,0.0,4
877,12.356067322167979,lo_top_Bid,45.0,44.99,45.01,44.98,0.0,0.0,0.0,0.0,4
878,12.495972082873875,lo_top_Bid,45.0,44.99,45.01,44.98,0.0,0.0,0.0,0.0,4
879,12.530579768820072,co_deep_Bid,45.0,44.99,45.01,44.98,0.0,0.0,0.0,0.0,4
880,12.530579959844218,lo_deep_Bid,45.0,44.99,45.01,44.98,0.0,0.0,0.0,0.0,4
881,12.530699941215847,lo_top_Bid,45.0,44.99,45.01,44.98,0.0,0.0,0.0,0.0,4
882,12.530758152949446,co_deep_Bid,45.0,44.99,45.01,44.98,0.0,0.0,0.0,0.0,4
883,12.530765044215487,co_deep_Bid,45.0,44.99,45.01,44.98,0.0,0.0,0.0,0.0,4
884,12.530842133090578,lo_deep_Bid,45.0,44.99,45.01,44.98,0.0,0.0,0.0,0.0,4
885,12.532711435907178,lo_top_Bid,45.0,44.99,45.01,44.98,0.0,0.0,0.0,0.0,4
886,12.532752464372663,co_deep_Bid,45.0,44.99,45.01,44.98,0.0,0.0,0.0,0.0,4
887,12.533435406235045,lo_deep_Bid,45.0,44.99,45.01,44.98,0.0,0.0,0.0,0.0,4
888,12.533499794443715,lo_deep_Bid,45.0,44.99,45.01,44.98,0.0,0.0,0.0,0.0,4
889,12.534126050646174,lo_deep_Bid,45.0,44.99,45.01,44.98,0.0,0.0,0.0,0.0,4
890,12.536822684705196,lo_deep_Bid,45.0,44.99,45.01,44.98,0.0,0.0,0.0,0.0,4
891,12.651188038153903,lo_top_Bid,45.0,44.99,45.01,44.98,0.0,0.0,0.0,0.0,4
892,12.655973996473238,co_deep_Bid,45.0,44.99,45.01,44.98,0.0,0.0,0.0,0.0,4
893,12.985942227701761,lo_top_Bid,45.0,44.99,45.01,44.98,0.0,0.0,0.0,0.0,4
894,13.370714206243456,lo_top_Bid,45.0,44.99,45.01,44.98,0.0,0.0,0.0,0.0,4
895,13.493292112731861,lo_top_Bid,45.0,44.99,45.01,44.98,0.0,0.0,0.0,0.0,4
896,13.494552333929514,lo_top_Bid,45.0,44.99,45.01,44.98,0.0,0.0,0.0,0.0,4
897,13.494572117844942,lo_top_Bid,45.0,44.99,45.01,44.98,0.0,0.0,0.0,0.0,4
898,13.494899688166324,co_top_Bid,45.0,44.99,45.01,44.98,0.0,0.0,0.0,0.0,4
899,13.969202052929587,lo_top_Bid,45.0,44.99,45.01,44.98,0.0,0.0,0.0,0.0,4
900,15.511739145417774,lo_deep_Ask,45.0,44.99,45.01,44.98,0.0,0.0,0.0,0.0,4
901,15.51245599678876,co_deep_Ask,45.0,44.99,45.01,44.98,0.0,0.0,0.0,0.0,4
902,15.512531938908882,co_deep_Ask,45.0,44.99,45.01,44.98,0.0,0.0,0.0,0.0,4
903,15.512533520573099,lo_deep_Ask,45.0,44.99,45.01,44.98,0.0,0.0,0.0,0.0,4
904,15.512587457541072,co_top_Ask,45.0,44.99,45.01,44.98,0.0,0.0,0.0,0.0,4
905,15.512615593973022,co_deep_Ask,45.0,44.99,45.01,44.98,0.0,0.0,0.0,0.0,4
906,15.512716473762964,co_top_Ask,45.0,44.99,45.01,44.98,0.0,0.0,0.0,0.0,4
907,15.512802422019869,co_top_Ask,45.0,44.99,45.01,44.98,0.0,0.0,0.0,0.0,4
908,15.513148283080332,co_deep_Ask,45.0,44.99,45.01,44.98,0.0,0.0,0.0,0.0,4
909,15.513926669302412,lo_deep_Ask,45.0,44.99,45.01,44.98,0.0,0.0,0.0,0.0,4
910,15.514076135647702,lo_deep_Ask,45.0,44.99,45.01,44.98,0.0,0.0,0.0,0.0,4
911,15.516521616736576,lo_deep_Ask,45.0,44.99,45.01,44.98,0.0,0.0,0.0,0.0,4
912,15.516818487890783,mo_Ask,45.0,44.99,45.01,44.98,0.0,0.0,0.0,0.0,4
913,15.517110222763648,mo_Ask,45.01,44.99,45.02,44.98,0.0,0.00999999999999801,0.0,0.010000000000005116,4
914,15.517284991574897,lo_deep_Ask,45.01,44.99,45.02,44.98,0.0,0.0,0.0,0.0,4
915,15.51734514093908,lo_inspread_Bid,45.01,45.0,45.02,44.99,0.00999999999999801,0.0,0.010000000000005116,0.0,4
916,15.51774397296752,co_deep_Ask,45.01,45.0,45.02,44.99,0.0,0.0,0.0,0.0,4
917,15.517752758469204,lo_deep_Ask,45.01,45.0,45.02,44.99,0.0,0.0,0.0,0.0,4
918,15.517773318939314,co_top_Ask,45.01,45.0,45.02,44.99,0.0,0.0,0.0,0.0,4
919,15.517882653041127,lo_deep_Ask,45.01,45.0,45.02,44.99,0.0,0.0,0.0,0.0,4
920,15.517973101070107,co_top_Ask,45.01,45.0,45.02,44.99,0.0,0.0,0.0,0.0,4
921,15.518066804041306,lo_deep_Ask,45.01,45.0,45.02,44.99,0.0,0.0,0.0,0.0,4
922,15.518520315865935,co_top_Ask,45.01,45.0,45.02,44.99,0.0,0.0,0.0,0.0,4
923,15.51858346206129,co_top_Ask,45.01,45.0,45.02,44.99,0.0,0.0,0.0,0.0,4
924,15.52020651891411,lo_deep_Ask,45.01,45.0,45.02,44.99,0.0,0.0,0.0,0.0,4
925,15.520986827075852,lo_deep_Ask,45.01,45.0,45.02,44.99,0.0,0.0,0.0,0.0,4
926,15.524907938522059,lo_deep_Ask,45.01,45.0,45.02,44.99,0.0,0.0,0.0,0.0,4
927,15.524942497234289,lo_deep_Ask,45.01,45.0,45.02,44.99,0.0,0.0,0.0,0.0,4
928,15.525195622287326,co_deep_Ask,45.01,45.0,45.02,44.99,0.0,0.0,0.0,0.0,4
929,15.52720237020187,co_deep_Ask,45.01,45.0,45.02,44.99,0.0,0.0,0.0,0.0,4
930,15.527223139287948,lo_deep_Ask,45.01,45.0,45.02,44.99,0.0,0.0,0.0,0.0,4
931,15.527708345701368,co_deep_Ask,45.01,45.0,45.02,44.99,0.0,0.0,0.0,0.0,4
932,15.527749158998308,co_deep_Ask,45.01,45.0,45.02,44.99,0.0,0.0,0.0,0.0,4
933,15.527752672833373,lo_deep_Ask,45.01,45.0,45.02,44.99,0.0,0.0,0.0,0.0,4
934,15.528211493631265,lo_deep_Ask,45.01,45.0,45.02,44.99,0.0,0.0,0.0,0.0,4
935,15.528660427129378,lo_deep_Ask,45.01,45.0,45.02,44.99,0.0,0.0,0.0,0.0,4
936,15.528849855501777,co_deep_Ask,45.01,45.0,45.02,44.99,0.0,0.0,0.0,0.0,4
937,15.52928271049902,lo_deep_Ask,45.01,45.0,45.02,44.99,0.0,0.0,0.0,0.0,4
938,15.530848847330809,co_top_Ask,45.01,45.0,45.02,44.99,0.0,0.0,0.0,0.0,4
939,15.53099340093473,co_top_Ask,45.01,45.0,45.02,44.99,0.0,0.0,0.0,0.0,4
940,15.53165312873615,lo_deep_Ask,45.01,45.0,45.02,44.99,0.0,0.0,0.0,0.0,4
941,15.531800540071867,co_deep_Ask,45.01,45.0,45.02,44.99,0.0,0.0,0.0,0.0,4
942,15.532064537824423,co_deep_Ask,45.01,45.0,45.02,44.99,0.0,0.0,0.0,0.0,4
943,15.532283713175266,co_top_Ask,45.01,45.0,45.02,44.99,0.0,0.0,0.0,0.0,4
944,15.532505557121993,co_top_Ask,45.01,45.0,45.02,44.99,0.0,0.0,0.0,0.0,4
945,15.640354326824268,lo_deep_Ask,45.01,45.0,45.02,44.99,0.0,0.0,0.0,0.0,4
946,15.640459752224732,co_deep_Ask,45.01,45.0,45.02,44.99,0.0,0.0,0.0,0.0,4
947,15.640530452095291,lo_deep_Ask,45.01,45.0,45.02,44.99,0.0,0.0,0.0,0.0,4
948,15.800226627611762,lo_deep_Ask,45.01,45.0,45.02,44.99,0.0,0.0,0.0,0.0,4
949,15.80023191655667,lo_deep_Ask,45.01,45.0,45.02,44.99,0.0,0.0,0.0,0.0,4
950,15.80033921769139,co_deep_Ask,45.01,45.0,45.02,44.99,0.0,0.0,0.0,0.0,4
951,18.280644466469255,co_top_Ask,45.01,45.0,45.02,44.99,0.0,0.0,0.0,0.0,4
952,18.28075325269606,lo_deep_Ask,45.01,45.0,45.02,44.99,0.0,0.0,0.0,0.0,4
953,18.290471292887666,co_top_Ask,45.02,45.0,45.03,44.99,0.0,0.010000000000005116,0.0,0.00999999999999801,4
954,18.290673973975856,lo_deep_Ask,45.02,45.0,45.03,44.99,0.0,0.0,0.0,0.0,4
955,18.29068793526486,lo_deep_Ask,45.02,45.0,45.03,44.99,0.0,0.0,0.0,0.0,4
956,18.291182646245655,co_top_Ask,45.02,45.0,45.03,44.99,0.0,0.0,0.0,0.0,4
957,18.291230817712435,co_top_Ask,45.02,45.0,45.03,44.99,0.0,0.0,0.0,0.0,4
958,18.29131734599123,lo_deep_Ask,45.02,45.0,45.03,44.99,0.0,0.0,0.0,0.0,4
959,18.291584495062587,lo_deep_Ask,45.02,45.0,45.03,44.99,0.0,0.0,0.0,0.0,4
960,18.29166515807853,co_deep_Ask,45.02,45.0,45.03,44.99,0.0,0.0,0.0,0.0,4
961,18.291675698603544,co_top_Ask,45.02,45.0,45.03,44.99,0.0,0.0,0.0,0.0,4
962,18.29182023718885,co_deep_Ask,45.02,45.0,45.03,44.99,0.0,0.0,0.0,0.0,4
963,18.291908448525383,lo_deep_Ask,45.02,45.0,45.03,44.99,0.0,0.0,0.0,0.0,4
964,18.29195488787531,lo_deep_Ask,45.02,45.0,45.03,44.99,0.0,0.0,0.0,0.0,4
965,18.291966268884792,lo_deep_Ask,45.02,45.0,45.03,44.99,0.0,0.0,0.0,0.0,4
966,18.291967037053887,co_deep_Ask,45.02,45.0,45.03,44.99,0.0,0.0,0.0,0.0,4
967,18.291980884635468,co_deep_Ask,45.02,45.0,45.03,44.99,0.0,0.0,0.0,0.0,4
968,18.29207825007198,lo_deep_Ask,45.02,45.0,45.03,44.99,0.0,0.0,0.0,0.0,4
969,18.292154224188934,co_deep_Ask,45.02,45.0,45.03,44.99,0.0,0.0,0.0,0.0,4
970,18.29261647243842,lo_inspread_Ask,45.01,45.0,45.02,44.99,0.0,-0.010000000000005116,0.0,-0.00999999999999801,4
971,18.292777843146585,mo_Ask,45.02,45.0,45.03,44.99,0.0,0.010000000000005116,0.0,0.00999999999999801,4
972,18.29293512183423,lo_deep_Ask,45.02,45.0,45.03,44.99,0.0,0.0,0.0,0.0,4
973,18.293075346215623,co_deep_Ask,45.02,45.0,45.03,44.99,0.0,0.0,0.0,0.0,4
974,18.293121056890627,co_deep_Ask,45.02,45.0,45.03,44.99,0.0,0.0,0.0,0.0,4
975,18.293174572448414,lo_inspread_Ask,45.01,45.0,45.02,44.99,0.0,-0.010000000000005116,0.0,-0.00999999999999801,4
976,18.29318252623047,co_deep_Ask,45.01,45.0,45.02,44.99,0.0,0.0,0.0,0.0,4
977,18.293187253700623,mo_Ask,45.02,45.0,45.03,44.99,0.0,0.010000000000005116,0.0,0.00999999999999801,4
978,18.293296750432635,lo_inspread_Ask,45.01,45.0,45.02,44.99,0.0,-0.010000000000005116,0.0,-0.00999999999999801,4
979,18.293651327696004,co_deep_Ask,45.01,45.0,45.02,44.99,0.0,0.0,0.0,0.0,4
980,18.29378010721612,co_deep_Ask,45.01,45.0,45.02,44.99,0.0,0.0,0.0,0.0,4
981,18.294006908542187,co_top_Ask,45.02,45.0,45.03,44.99,0.0,0.010000000000005116,0.0,0.00999999999999801,4
982,18.294096759075664,lo_inspread_Ask,45.01,45.0,45.02,44.99,0.0,-0.010000000000005116,0.0,-0.00999999999999801,4
983,18.29731887114121,lo_deep_Ask,45.01,45.0,45.02,44.99,0.0,0.0,0.0,0.0,4
984,18.31737076890648,co_deep_Ask,45.01,45.0,45.02,44.99,0.0,0.0,0.0,0.0,4
985,18.34616236624032,lo_deep_Ask,45.01,45.0,45.02,44.99,0.0,0.0,0.0,0.0,4
986,19.021353253991588,lo_deep_Bid,45.01,45.0,45.02,44.99,0.0,0.0,0.0,0.0,4
987,19.02164569011366,lo_deep_Bid,45.01,45.0,45.02,44.99,0.0,0.0,0.0,0.0,4
988,19.021966753260504,lo_deep_Bid,45.01,45.0,45.02,44.99,0.0,0.0,0.0,0.0,4
989,19.021969796631232,lo_deep_Bid,45.01,45.0,45.02,44.99,0.0,0.0,0.0,0.0,4
990,19.02231001667942,lo_deep_Bid,45.01,45.0,45.02,44.99,0.0,0.0,0.0,0.0,4
991,19.034782904487532,lo_deep_Bid,45.01,45.0,45.02,44.99,0.0,0.0,0.0,0.0,4
992,20.327092996272498,co_top_Ask,45.02,45.0,45.03,44.99,0.0,0.010000000000005116,0.0,0.00999999999999801,4
993,21.143629401211637,lo_inspread_Bid,45.02,45.01,45.03,45.0,0.00999999999999801,0.0,0.00999999999999801,0.0,4
994,21.143657259823318,mo_Bid,45.02,45.0,45.03,44.99,-0.00999999999999801,0.0,-0.00999999999999801,0.0,4
995,21.143711213440525,lo_inspread_Bid,45.02,45.01,45.03,45.0,0.00999999999999801,0.0,0.00999999999999801,0.0,4
996,21.144175507208104,mo_Bid,45.02,45.0,45.03,44.99,-0.00999999999999801,0.0,-0.00999999999999801,0.0,4
997,21.144704995164126,lo_inspread_Bid,45.02,45.01,45.03,45.0,0.00999999999999801,0.0,0.00999999999999801,0.0,4
998,22.764555143697013,mo_Bid,45.02,45.0,45.03,44.99,-0.00999999999999801,0.0,-0.00999999999999801,0.0,4
999,22.805106571231416,mo_Bid,45.02,44.99,45.03,44.98,-0.00999999999999801,0.0,-0.010000000000005116,0.0,4
1000,23.305024272029144,co_top_Ask,45.02,44.99,45.03,44.98,0.0,0.0,0.0,0.0,4
1001,23.38150185529178,lo_inspread_Bid,45.02,45.0,45.03,44.99,0.00999999999999801,0.0,0.010000000000005116,0.0,4
1002,23.38294878711763,lo_inspread_Bid,45.02,45.01,45.03,45.0,0.00999999999999801,0.0,0.00999999999999801,0.0,4
1003,25.36781989413897,co_top_Bid,45.02,45.0,45.03,44.99,-0.00999999999999801,0.0,-0.00999999999999801,0.0,4
1004,25.367862917766576,co_top_Bid,45.02,44.99,45.03,44.98,-0.00999999999999801,0.0,-0.010000000000005116,0.0,4
1005,25.368025790434217,co_top_Bid,45.02,44.99,45.03,44.98,0.0,0.0,0.0,0.0,4
1006,25.368184262396174,mo_Bid,45.02,44.99,45.03,44.98,0.0,0.0,0.0,0.0,4
1007,25.368184675147305,mo_Bid,45.02,44.99,45.03,44.98,0.0,0.0,0.0,0.0,4
1008,25.368312089178197,lo_top_Bid,45.02,44.99,45.03,44.98,0.0,0.0,0.0,0.0,4
1009,25.368584505153528,mo_Bid,45.02,44.99,45.03,44.98,0.0,0.0,0.0,0.0,4
1010,25.368590773404538,lo_inspread_Bid,45.02,45.0,45.03,44.99,0.00999999999999801,0.0,0.010000000000005116,0.0,4
1011,25.370912331117413,lo_inspread_Bid,45.02,45.01,45.03,45.0,0.00999999999999801,0.0,0.00999999999999801,0.0,4
1012,25.37286788861083,mo_Bid,45.02,45.01,45.03,45.0,0.0,0.0,0.0,0.0,4
1013,25.37294906793021,mo_Bid,45.02,45.01,45.03,45.0,0.0,0.0,0.0,0.0,4
1014,25.37354777376064,mo_Bid,45.02,45.0,45.03,44.99,-0.00999999999999801,0.0,-0.00999999999999801,0.0,4
1015,25.373605232548115,lo_inspread_Bid,45.02,45.01,45.03,45.0,0.00999999999999801,0.0,0.00999999999999801,0.0,4
1016,25.373796387719597,mo_Bid,45.02,45.0,45.03,44.99,-0.00999999999999801,0.0,-0.00999999999999801,0.0,4
1017,25.373910233823278,lo_inspread_Bid,45.02,45.01,45.03,45.0,0.00999999999999801,0.0,0.00999999999999801,0.0,4
1018,27.723710652389325,co_top_Ask,45.02,45.01,45.03,45.0,0.0,0.0,0.0,0.0,4
1019,28.168362381893925,co_deep_Bid,45.02,45.01,45.03,44.99,0.0,0.0,-0.00999999999999801,0.0,4
1020,30.08750496166122,co_deep_Ask,45.02,45.01,45.03,44.99,0.0,0.0,0.0,0.0,4
1021,30.087870612642497,co_deep_Ask,45.02,45.01,45.03,44.99,0.0,0.0,0.0,0.0,4
1022,30.087880736306076,lo_deep_Ask,45.02,45.01,45.03,44.99,0.0,0.0,0.0,0.0,4
1023,30.088028363966732,co_deep_Ask,45.02,45.01,45.03,44.99,0.0,0.0,0.0,0.0,4
1024,30.088458189144124,lo_deep_Ask,45.02,45.01,45.03,44.99,0.0,0.0,0.0,0.0,4
1025,30.11120612838894,co_deep_Ask,45.02,45.01,45.03,44.99,0.0,0.0,0.0,0.0,4
1026,30.111817318417565,co_deep_Ask,45.02,45.01,45.03,44.99,0.0,0.0,0.0,0.0,4
1027,30.111922652610296,co_deep_Ask,45.02,45.01,45.03,44.99,0.0,0.0,0.0,0.0,4
1028,30.11200644777715,co_deep_Ask,45.02,45.01,45.03,44.99,0.0,0.0,0.0,0.0,4
1029,30.11387299951725,co_top_Ask,45.02,45.01,45.03,44.99,0.0,0.0,0.0,0.0,4
1030,30.115113984460503,co_deep_Ask,45.02,45.01,45.03,44.99,0.0,0.0,0.0,0.0,4
1031,30.119198001667044,co_deep_Ask,45.02,45.01,45.03,44.99,0.0,0.0,0.0,0.0,4
1032,30.129778672816208,co_top_Ask,45.02,45.01,45.03,44.99,0.0,0.0,0.0,0.0,4
1033,30.147386504118135,co_deep_Ask,45.02,45.01,45.03,44.99,0.0,0.0,0.0,0.0,4
1034,30.629710506721384,lo_deep_Ask,45.02,45.01,45.03,44.99,0.0,0.0,0.0,0.0,4
1035,30.6299623604118,lo_deep_Ask,45.02,45.01,45.03,44.99,0.0,0.0,0.0,0.0,4
1036,30.63025217285415,co_deep_Ask,45.02,45.01,45.03,44.99,0.0,0.0,0.0,0.0,4
1037,31.56025792818183,mo_Bid,45.02,44.99,45.03,44.98,-0.01999999999999602,0.0,-0.010000000000005116,0.0,4
1038,32.2856525167199,lo_inspread_Ask,45.01,44.99,45.02,44.98,0.0,-0.010000000000005116,0.0,-0.00999999999999801,4
1039,33.69902730862587,co_top_Bid,45.01,44.99,45.02,44.98,0.0,0.0,0.0,0.0,4
1040,33.69911021035465,co_top_Bid,45.01,44.99,45.02,44.98,0.0,0.0,0.0,0.0,4
1041,33.69919208247628,co_top_Bid,45.01,44.99,45.02,44.98,0.0,0.0,0.0,0.0,4
1042,33.699198664109836,lo_top_Bid,45.01,44.99,45.02,44.98,0.0,0.0,0.0,0.0,4
1043,33.69922237576927,lo_top_Bid,45.01,44.99,45.02,44.98,0.0,0.0,0.0,0.0,4
1044,33.70014076169676,mo_Bid,45.01,44.99,45.02,44.98,0.0,0.0,0.0,0.0,4
1045,33.700376560015464,lo_top_Bid,45.01,44.99,45.02,44.98,0.0,0.0,0.0,0.0,4
1046,33.70038548827664,co_top_Bid,45.01,44.99,45.02,44.98,0.0,0.0,0.0,0.0,4
1047,33.70060824949072,mo_Bid,45.01,44.99,45.02,44.98,0.0,0.0,0.0,0.0,4
1048,33.70080450559599,lo_inspread_Bid,45.01,45.0,45.02,44.99,0.00999999999999801,0.0,0.010000000000005116,0.0,4
1049,34.82936789029857,lo_deep_Ask,45.01,45.0,45.02,44.99,0.0,0.0,0.0,0.0,4
1050,34.829694764909966,mo_Ask,45.02,45.0,45.03,44.99,0.0,0.010000000000005116,0.0,0.00999999999999801,4
1051,34.82997402701424,mo_Ask,45.02,45.0,45.03,44.99,0.0,0.0,0.0,0.0,4
1052,34.83001662740259,lo_inspread_Ask,45.01,45.0,45.02,44.99,0.0,-0.010000000000005116,0.0,-0.00999999999999801,4
1053,35.11110529332431,lo_deep_Ask,45.01,45.0,45.02,44.99,0.0,0.0,0.0,0.0,4
1054,35.11132519207624,lo_deep_Ask,45.01,45.0,45.02,44.99,0.0,0.0,0.0,0.0,4
1055,35.11134479464994,co_deep_Ask,45.01,45.0,45.02,44.99,0.0,0.0,0.0,0.0,4
1056,35.11141566830904,co_deep_Ask,45.01,45.0,45.02,44.99,0.0,0.0,0.0,0.0,4
1057,35.11144113039102,co_top_Bid,45.01,44.99,45.02,44.98,-0.00999999999999801,0.0,-0.010000000000005116,0.0,4
1058,35.11146708399238,lo_deep_Ask,45.01,44.99,45.02,44.98,0.0,0.0,0.0,0.0,4
1059,35.111484188311586,co_top_Bid,45.01,44.99,45.02,44.98,0.0,0.0,0.0,0.0,4
1060,35.11149715946637,lo_top_Bid,45.01,44.99,45.02,44.98,0.0,0.0,0.0,0.0,4
1061,35.11151714792986,co_top_Bid,45.01,44.99,45.02,44.98,0.0,0.0,0.0,0.0,4
1062,35.11151828380331,mo_Bid,45.01,44.99,45.02,44.98,0.0,0.0,0.0,0.0,4
1063,35.11160862826954,mo_Bid,45.01,44.99,45.02,44.98,0.0,0.0,0.0,0.0,4
1064,35.11167523633452,mo_Bid,45.01,44.99,45.02,44.98,0.0,0.0,0.0,0.0,4
1065,35.1118155495415,mo_Bid,45.01,44.99,45.02,44.98,0.0,0.0,0.0,0.0,4
1066,35.11197366216333,co_deep_Ask,45.01,44.99,45.02,44.98,0.0,0.0,0.0,0.0,4
1067,35.112044857129376,mo_Bid,45.01,44.99,45.02,44.98,0.0,0.0,0.0,0.0,4
1068,35.112411486331226,lo_top_Bid,45.01,44.99,45.02,44.98,0.0,0.0,0.0,0.0,4
1069,35.11246971486468,lo_top_Bid,45.01,44.99,45.02,44.98,0.0,0.0,0.0,0.0,4
1070,35.11262359755062,lo_top_Bid,45.01,44.99,45.02,44.98,0.0,0.0,0.0,0.0,4
1071,35.113115622504836,lo_inspread_Bid,45.01,45.0,45.02,44.99,0.00999999999999801,0.0,0.010000000000005116,0.0,4
1072,35.113822166169896,lo_top_Bid,45.01,45.0,45.02,44.99,0.0,0.0,0.0,0.0,4
1073,35.1139676947529,lo_top_Bid,45.01,45.0,45.02,44.99,0.0,0.0,0.0,0.0,4
1074,35.11423502550245,lo_top_Bid,45.01,45.0,45.02,44.99,0.0,0.0,0.0,0.0,4
1075,35.13339975103932,co_deep_Ask,45.01,45.0,45.02,44.99,0.0,0.0,0.0,0.0,4
1076,39.14208919312963,co_top_Ask,45.02,45.0,45.03,44.99,0.0,0.010000000000005116,0.0,0.00999999999999801,4
1077,39.142090741775284,co_top_Ask,45.02,45.0,45.03,44.99,0.0,0.0,0.0,0.0,4
1078,39.14213069644671,co_top_Ask,45.02,45.0,45.03,44.99,0.0,0.0,0.0,0.0,4
1079,39.14231125055121,co_top_Ask,45.02,45.0,45.03,44.99,0.0,0.0,0.0,0.0,4
1080,39.14243081435857,lo_deep_Ask,45.02,45.0,45.03,44.99,0.0,0.0,0.0,0.0,4
1081,39.14287019309351,lo_inspread_Ask,45.01,45.0,45.02,44.99,0.0,-0.010000000000005116,0.0,-0.00999999999999801,4
1082,40.56141808655129,co_deep_Ask,45.01,45.0,45.02,44.99,0.0,0.0,0.0,0.0,4
1083,40.561458367541114,co_deep_Ask,45.01,45.0,45.02,44.99,0.0,0.0,0.0,0.0,4
1084,40.65419431083215,lo_deep_Ask,45.01,45.0,45.02,44.99,0.0,0.0,0.0,0.0,4
1085,40.66051407822772,lo_deep_Ask,45.01,45.0,45.02,44.99,0.0,0.0,0.0,0.0,4
1086,41.51081456000677,lo_deep_Ask,45.01,45.0,45.02,44.99,0.0,0.0,0.0,0.0,4
1087,41.51088005071457,co_deep_Ask,45.01,45.0,45.02,44.99,0.0,0.0,0.0,0.0,4
1088,41.5108825733407,lo_deep_Ask,45.01,45.0,45.02,44.99,0.0,0.0,0.0,0.0,4
1089,41.51124175195552,co_deep_Ask,45.01,45.0,45.02,44.99,0.0,0.0,0.0,0.0,4
1090,41.511263134404416,lo_deep_Ask,45.01,45.0,45.02,44.99,0.0,0.0,0.0,0.0,4
1091,41.512171385906065,lo_deep_Ask,45.01,45.0,45.02,44.99,0.0,0.0,0.0,0.0,4
1092,41.51481457353234,co_top_Ask,45.02,45.0,45.03,44.99,0.0,0.010000000000005116,0.0,0.00999999999999801,4
1093,41.51722615611751,lo_inspread_Ask,45.01,45.0,45.02,44.99,0.0,-0.010000000000005116,0.0,-0.00999999999999801,4
1094,41.521083325195605,lo_deep_Ask,45.01,45.0,45.02,44.99,0.0,0.0,0.0,0.0,4
1095,41.52113192557167,lo_deep_Ask,45.01,45.0,45.02,44.99,0.0,0.0,0.0,0.0,4
1096,41.5211554694483,co_deep_Ask,45.01,45.0,45.02,44.99,0.0,0.0,0.0,0.0,4
1097,41.52117924475135,lo_deep_Ask,45.01,45.0,45.02,44.99,0.0,0.0,0.0,0.0,4
1098,41.52123965444125,co_deep_Ask,45.01,45.0,45.02,44.99,0.0,0.0,0.0,0.0,4
1099,41.523923925828434,co_deep_Ask,45.01,45.0,45.02,44.99,0.0,0.0,0.0,0.0,4
1100,41.52399642593642,co_deep_Ask,45.01,45.0,45.02,44.99,0.0,0.0,0.0,0.0,4
1101,41.52497679105141,co_deep_Ask,45.01,45.0,45.02,44.99,0.0,0.0,0.0,0.0,4
1102,41.52513646414447,lo_deep_Ask,45.01,45.0,45.02,44.99,0.0,0.0,0.0,0.0,4
1103,41.52519589126893,co_deep_Ask,45.01,45.0,45.02,44.99,0.0,0.0,0.0,0.0,4
1104,41.52534014623179,co_deep_Ask,45.01,45.0,45.02,44.99,0.0,0.0,0.0,0.0,4
1105,41.525645417796824,lo_deep_Ask,45.01,45.0,45.02,44.99,0.0,0.0,0.0,0.0,4
1106,41.52586517741971,co_deep_Ask,45.01,45.0,45.02,44.99,0.0,0.0,0.0,0.0,4
1107,41.52608380415979,co_top_Bid,45.01,45.0,45.02,44.99,0.0,0.0,0.0,0.0,4
1108,41.52608564045511,co_top_Bid,45.01,45.0,45.02,44.99,0.0,0.0,0.0,0.0,4
1109,41.53064219122866,lo_deep_Ask,45.01,45.0,45.02,44.99,0.0,0.0,0.0,0.0,4
1110,41.534643551432474,co_deep_Ask,45.01,45.0,45.02,44.99,0.0,0.0,0.0,0.0,4
1111,41.53490797663862,co_deep_Ask,45.01,45.0,45.02,44.99,0.0,0.0,0.0,0.0,4
1112,42.355023815274606,mo_Ask,45.02,45.0,45.03,44.99,0.0,0.010000000000005116,0.0,0.00999999999999801,4
1113,42.355594529152285,mo_Ask,45.02,45.0,45.03,44.99,0.0,0.0,0.0,0.0,4
1114,42.35858673906244,lo_inspread_Ask,45.01,45.0,45.02,44.99,0.0,-0.010000000000005116,0.0,-0.00999999999999801,4
1115,49.945553216752906,co_top_Bid,45.01,45.0,45.02,44.99,0.0,0.0,0.0,0.0,4
1116,49.94595483541478,co_top_Bid,45.01,44.99,45.02,44.98,-0.00999999999999801,0.0,-0.010000000000005116,0.0,4
1117,49.94596335839292,co_top_Bid,45.01,44.99,45.02,44.98,0.0,0.0,0.0,0.0,4
1118,49.94598088786848,co_top_Bid,45.01,44.99,45.02,44.98,0.0,0.0,0.0,0.0,4
1119,49.946013058607065,co_top_Bid,45.01,44.99,45.02,44.98,0.0,0.0,0.0,0.0,4
1120,49.94606346539208,co_top_Bid,45.01,44.98,45.02,44.97,-0.010000000000005116,0.0,-0.00999999999999801,0.0,4
1121,49.94636811386212,co_top_Bid,45.01,44.98,45.02,44.97,0.0,0.0,0.0,0.0,4
1122,49.94995444532043,co_top_Bid,45.01,44.98,45.02,44.97,0.0,0.0,0.0,0.0,4
1123,49.95017771077751,co_top_Bid,45.01,44.98,45.02,44.97,0.0,0.0,0.0,0.0,4
1124,49.95376140568118,lo_top_Bid,45.01,44.98,45.02,44.97,0.0,0.0,0.0,0.0,4
1125,49.95450610671814,co_top_Bid,45.01,44.98,45.02,44.97,0.0,0.0,0.0,0.0,4
1126,51.171200675818106,lo_inspread_Ask,45.0,44.98,45.01,44.97,0.0,-0.00999999999999801,0.0,-0.010000000000005116,4
1127,51.17179013008635,mo_Ask,45.03,44.98,45.04,44.97,0.0,0.030000000000001137,0.0,0.030000000000001137,4
1128,51.17180059625068,lo_inspread_Ask,45.02,44.98,45.03,44.97,0.0,-0.00999999999999801,0.0,-0.00999999999999801,4
1129,51.17181563764762,lo_inspread_Ask,45.01,44.98,45.02,44.97,0.0,-0.010000000000005116,0.0,-0.00999999999999801,4
1130,51.17184487783595,mo_Ask,45.01,44.98,45.02,44.97,0.0,0.0,0.0,0.0,4
1131,51.17188818446546,lo_inspread_Ask,45.0,44.98,45.01,44.97,0.0,-0.00999999999999801,0.0,-0.010000000000005116,4
1132,51.17191243218129,lo_inspread_Ask,44.99,44.98,45.0,44.97,0.0,-0.00999999999999801,0.0,-0.00999999999999801,4
1133,51.17197027124699,mo_Ask,45.01,44.98,45.02,44.97,0.0,0.01999999999999602,0.0,0.020000000000003126,4
1134,51.172092460326695,lo_inspread_Ask,45.0,44.98,45.01,44.97,0.0,-0.00999999999999801,0.0,-0.010000000000005116,4
1135,51.172097181600215,lo_inspread_Ask,44.99,44.98,45.0,44.97,0.0,-0.00999999999999801,0.0,-0.00999999999999801,4
1136,51.17223113653376,co_deep_Ask,44.99,44.98,45.01,44.97,0.0,0.0,0.0,0.00999999999999801,4
1137,51.17270675439537,mo_Ask,44.99,44.98,45.01,44.97,0.0,0.0,0.0,0.0,4
1138,51.172768103456626,mo_Ask,44.99,44.98,45.01,44.97,0.0,0.0,0.0,0.0,4
1139,51.17277782002374,mo_Ask,44.99,44.98,45.01,44.97,0.0,0.0,0.0,0.0,4
1140,51.17322867670013,mo_Bid,44.99,44.98,45.01,44.97,0.0,0.0,0.0,0.0,4
1141,51.17325057856246,mo_Bid,44.99,44.98,45.01,44.97,0.0,0.0,0.0,0.0,4
1142,51.17334880254266,lo_top_Bid,44.99,44.98,45.01,44.97,0.0,0.0,0.0,0.0,4
1143,51.173535067277456,mo_Ask,45.01,44.98,45.02,44.97,0.0,0.01999999999999602,0.0,0.010000000000005116,4
1144,51.1738281473205,lo_inspread_Ask,45.0,44.98,45.01,44.97,0.0,-0.00999999999999801,0.0,-0.010000000000005116,4
1145,51.17386566117127,mo_Ask,45.0,44.98,45.01,44.97,0.0,0.0,0.0,0.0,4
1146,51.17451378813325,lo_inspread_Ask,44.99,44.98,45.0,44.97,0.0,-0.00999999999999801,0.0,-0.00999999999999801,4
1147,51.174696307343794,co_deep_Ask,44.99,44.98,45.01,44.97,0.0,0.0,0.0,0.00999999999999801,4
1148,51.17472272838899,co_deep_Ask,44.99,44.98,45.01,44.97,0.0,0.0,0.0,0.0,4
1149,51.17479163092626,co_deep_Ask,44.99,44.98,45.01,44.97,0.0,0.0,0.0,0.0,4
1150,51.17491394923677,co_deep_Ask,44.99,44.98,45.01,44.97,0.0,0.0,0.0,0.0,4
1151,51.17536670225785,co_deep_Ask,44.99,44.98,45.01,44.97,0.0,0.0,0.0,0.0,4
1152,51.17591053784518,lo_top_Bid,44.99,44.98,45.01,44.97,0.0,0.0,0.0,0.0,4
1153,52.469850509145004,co_top_Ask,45.01,44.98,45.02,44.97,0.0,0.01999999999999602,0.0,0.010000000000005116,4
1154,52.46987565295137,lo_inspread_Ask,45.0,44.98,45.01,44.97,0.0,-0.00999999999999801,0.0,-0.010000000000005116,4
1155,52.47020311861404,lo_inspread_Ask,44.99,44.98,45.0,44.97,0.0,-0.00999999999999801,0.0,-0.00999999999999801,4
1156,54.51163744870922,co_deep_Ask,44.99,44.98,45.01,44.97,0.0,0.0,0.0,0.00999999999999801,4
1157,54.511715564784964,lo_deep_Ask,44.99,44.98,45.01,44.97,0.0,0.0,0.0,0.0,4
1158,54.51187085229812,co_deep_Ask,44.99,44.98,45.01,44.97,0.0,0.0,0.0,0.0,4
1159,54.511886715818534,lo_deep_Ask,44.99,44.98,45.01,44.97,0.0,0.0,0.0,0.0,4
1160,54.511888012727816,co_deep_Ask,44.99,44.98,45.01,44.97,0.0,0.0,0.0,0.0,4
1161,54.511902290477124,co_deep_Ask,44.99,44.98,45.01,44.97,0.0,0.0,0.0,0.0,4
1162,54.51191881081368,co_top_Ask,45.01,44.98,45.02,44.97,0.0,0.01999999999999602,0.0,0.010000000000005116,4
1163,54.51193492635874,co_top_Ask,45.01,44.98,45.02,44.97,0.0,0.0,0.0,0.0,4
1164,54.51379126486514,co_deep_Ask,45.01,44.98,45.02,44.97,0.0,0.0,0.0,0.0,4
1165,54.52237182457472,co_top_Ask,45.01,44.98,45.02,44.97,0.0,0.0,0.0,0.0,4
1166,54.52244973640874,lo_inspread_Ask,45.0,44.98,45.01,44.97,0.0,-0.00999999999999801,0.0,-0.010000000000005116,4
1167,54.58898942884723,lo_deep_Ask,45.0,44.98,45.01,44.97,0.0,0.0,0.0,0.0,4
1168,57.23664821314061,lo_inspread_Ask,44.99,44.98,45.0,44.97,0.0,-0.00999999999999801,0.0,-0.00999999999999801,4
1169,60.777280836315605,lo_top_Bid,44.99,44.98,45.0,44.97,0.0,0.0,0.0,0.0,4
1170,60.778580023120554,co_deep_Bid,44.99,44.98,45.0,44.97,0.0,0.0,0.0,0.0,4
1171,60.7787258983266,lo_deep_Bid,44.99,44.98,45.0,44.97,0.0,0.0,0.0,0.0,4
1172,61.561224388719424,lo_deep_Bid,44.99,44.98,45.0,44.97,0.0,0.0,0.0,0.0,4
1173,61.5616322806386,lo_deep_Bid,44.99,44.98,45.0,44.97,0.0,0.0,0.0,0.0,4
1174,61.561679654044276,lo_deep_Bid,44.99,44.98,45.0,44.97,0.0,0.0,0.0,0.0,4
1175,61.56187345495151,lo_top_Bid,44.99,44.98,45.0,44.97,0.0,0.0,0.0,0.0,4
1176,61.90518810861665,co_deep_Bid,44.99,44.98,45.0,44.97,0.0,0.0,0.0,0.0,4
1177,61.90525856653955,lo_top_Bid,44.99,44.98,45.0,44.97,0.0,0.0,0.0,0.0,4
1178,61.90533896950332,co_deep_Bid,44.99,44.98,45.0,44.97,0.0,0.0,0.0,0.0,4
1179,61.90538172376319,lo_top_Bid,44.99,44.98,45.0,44.97,0.0,0.0,0.0,0.0,4
1180,61.906844301089166,lo_top_Bid,44.99,44.98,45.0,44.97,0.0,0.0,0.0,0.0,4
1181,61.906858481180734,co_deep_Bid,44.99,44.98,45.0,44.97,0.0,0.0,0.0,0.0,4
1182,61.90723466849095,co_deep_Bid,44.99,44.98,45.0,44.97,0.0,0.0,0.0,0.0,4
1183,61.90734119199044,co_deep_Bid,44.99,44.98,45.0,44.97,0.0,0.0,0.0,0.0,4
1184,61.90735190264388,co_deep_Bid,44.99,44.98,45.0,44.97,0.0,0.0,0.0,0.0,4
1185,61.90803493944992,co_deep_Bid,44.99,44.98,45.0,44.97,0.0,0.0,0.0,0.0,4
1186,61.90808501941901,co_deep_Bid,44.99,44.98,45.0,44.97,0.0,0.0,0.0,0.0,4
1187,61.908380879265145,co_deep_Bid,44.99,44.98,45.0,44.97,0.0,0.0,0.0,0.0,4
1188,61.908388352392656,lo_deep_Bid,44.99,44.98,45.0,44.97,0.0,0.0,0.0,0.0,4
1189,61.90857987486469,co_deep_Bid,44.99,44.98,45.0,44.97,0.0,0.0,0.0,0.0,4
1190,61.908751937884915,co_top_Ask,45.0,44.98,45.01,44.97,0.0,0.00999999999999801,0.0,0.00999999999999801,4
1191,61.909287228936066,co_deep_Bid,45.0,44.98,45.01,44.97,0.0,0.0,0.0,0.0,4
1192,61.909296656488465,co_deep_Bid,45.0,44.98,45.01,44.97,0.0,0.0,0.0,0.0,4
1193,61.909319293849016,co_deep_Bid,45.0,44.98,45.01,44.97,0.0,0.0,0.0,0.0,4
1194,61.9094488516103,co_top_Ask,45.01,44.98,45.02,44.97,0.0,0.00999999999999801,0.0,0.010000000000005116,4
1195,61.90961235051816,lo_inspread_Ask,45.0,44.98,45.01,44.97,0.0,-0.00999999999999801,0.0,-0.010000000000005116,4
1196,61.909970197344016,co_top_Ask,45.01,44.98,45.02,44.97,0.0,0.00999999999999801,0.0,0.010000000000005116,4
1197,61.91002063737989,co_deep_Bid,45.01,44.98,45.02,44.96,0.0,0.0,-0.00999999999999801,0.0,4
1198,61.91003335695427,lo_deep_Bid,45.01,44.98,45.02,44.96,0.0,0.0,0.0,0.0,4
1199,61.91038604449073,lo_top_Bid,45.01,44.98,45.02,44.96,0.0,0.0,0.0,0.0,4
1200,61.91045231942081,lo_deep_Bid,45.01,44.98,45.02,44.96,0.0,0.0,0.0,0.0,4
1201,61.91049552239853,lo_top_Bid,45.01,44.98,45.02,44.96,0.0,0.0,0.0,0.0,4
1202,61.91060212316281,lo_top_Bid,45.01,44.98,45.02,44.96,0.0,0.0,0.0,0.0,4
1203,61.91071423466772,lo_top_Bid,45.01,44.98,45.02,44.96,0.0,0.0,0.0,0.0,4
1204,61.91071994732634,lo_top_Bid,45.01,44.98,45.02,44.96,0.0,0.0,0.0,0.0,4
1205,61.91072794395012,lo_top_Bid,45.01,44.98,45.02,44.96,0.0,0.0,0.0,0.0,4
1206,61.91073427273635,co_deep_Bid,45.01,44.98,45.02,44.96,0.0,0.0,0.0,0.0,4
1207,61.910791452276115,lo_inspread_Bid,45.01,44.99,45.02,44.98,0.010000000000005116,0.0,0.01999999999999602,0.0,4
1208,61.91080612769936,lo_inspread_Bid,45.01,45.0,45.02,44.99,0.00999999999999801,0.0,0.010000000000005116,0.0,4
1209,61.91103775085658,co_top_Bid,45.01,44.99,45.02,44.98,-0.00999999999999801,0.0,-0.010000000000005116,0.0,4
1210,61.91104346807668,lo_top_Bid,45.01,44.99,45.02,44.98,0.0,0.0,0.0,0.0,4
1211,61.91113341889684,lo_top_Bid,45.01,44.99,45.02,44.98,0.0,0.0,0.0,0.0,4
1212,61.91115348233152,lo_top_Bid,45.01,44.99,45.02,44.98,0.0,0.0,0.0,0.0,4
1213,61.91118491035015,lo_top_Bid,45.01,44.99,45.02,44.98,0.0,0.0,0.0,0.0,4
1214,61.911205282133736,lo_top_Bid,45.01,44.99,45.02,44.98,0.0,0.0,0.0,0.0,4
1215,61.9112413463196,lo_top_Bid,45.01,44.99,45.02,44.98,0.0,0.0,0.0,0.0,4
1216,61.91125562738605,lo_top_Bid,45.01,44.99,45.02,44.98,0.0,0.0,0.0,0.0,4
1217,61.91126324363421,lo_top_Bid,45.01,44.99,45.02,44.98,0.0,0.0,0.0,0.0,4
1218,61.91127509170829,co_top_Bid,45.01,44.99,45.02,44.98,0.0,0.0,0.0,0.0,4
1219,61.91129335940488,lo_top_Bid,45.01,44.99,45.02,44.98,0.0,0.0,0.0,0.0,4
1220,61.91139427801536,lo_inspread_Bid,45.01,45.0,45.02,44.99,0.00999999999999801,0.0,0.010000000000005116,0.0,4
1221,61.911447381858956,lo_top_Bid,45.01,45.0,45.02,44.99,0.0,0.0,0.0,0.0,4
1222,61.91165180346109,co_top_Bid,45.01,45.0,45.02,44.99,0.0,0.0,0.0,0.0,4
1223,61.91188802313624,lo_top_Bid,45.01,45.0,45.02,44.99,0.0,0.0,0.0,0.0,4
1224,61.91190889653023,lo_top_Bid,45.01,45.0,45.02,44.99,0.0,0.0,0.0,0.0,4
1225,61.91194256901741,co_top_Bid,45.01,45.0,45.02,44.99,0.0,0.0,0.0,0.0,4
1226,61.911944920001055,co_deep_Bid,45.01,45.0,45.02,44.99,0.0,0.0,0.0,0.0,4
1227,61.911958148728594,co_top_Bid,45.01,45.0,45.02,44.99,0.0,0.0,0.0,0.0,4
1228,61.91199078165459,co_top_Bid,45.01,44.99,45.02,44.98,-0.00999999999999801,0.0,-0.010000000000005116,0.0,4
1229,61.911991355680456,co_top_Bid,45.01,44.99,45.02,44.98,0.0,0.0,0.0,0.0,4
1230,61.91199497999541,lo_top_Bid,45.01,44.99,45.02,44.98,0.0,0.0,0.0,0.0,4
1231,61.91210543558885,lo_top_Bid,45.01,44.99,45.02,44.98,0.0,0.0,0.0,0.0,4
1232,61.91210787634188,co_deep_Bid,45.01,44.99,45.02,44.98,0.0,0.0,0.0,0.0,4
1233,61.912155705675936,co_top_Bid,45.01,44.99,45.02,44.98,0.0,0.0,0.0,0.0,4
1234,61.912164119683894,co_top_Bid,45.01,44.99,45.02,44.98,0.0,0.0,0.0,0.0,4
1235,61.91218934113775,co_top_Bid,45.01,44.99,45.02,44.98,0.0,0.0,0.0,0.0,4
1236,61.912200910754095,lo_top_Bid,45.01,44.99,45.02,44.98,0.0,0.0,0.0,0.0,4
1237,61.91221057508542,co_top_Bid,45.01,44.99,45.02,44.98,0.0,0.0,0.0,0.0,4
1238,61.912228273534346,co_top_Bid,45.01,44.99,45.02,44.98,0.0,0.0,0.0,0.0,4
1239,61.912245392784975,co_top_Bid,45.01,44.99,45.02,44.98,0.0,0.0,0.0,0.0,4
1240,61.91227771113189,mo_Ask,45.01,44.99,45.02,44.98,0.0,0.0,0.0,0.0,4
1241,61.91234332320877,lo_top_Bid,45.01,44.99,45.02,44.98,0.0,0.0,0.0,0.0,4
1242,61.91247638018376,lo_top_Bid,45.01,44.99,45.02,44.98,0.0,0.0,0.0,0.0,4
1243,61.912694076168584,lo_top_Bid,45.01,44.99,45.02,44.98,0.0,0.0,0.0,0.0,4
1244,61.91271262778274,co_top_Bid,45.01,44.99,45.02,44.98,0.0,0.0,0.0,0.0,4
1245,61.912735741516414,lo_top_Bid,45.01,44.99,45.02,44.98,0.0,0.0,0.0,0.0,4
1246,61.91274077722433,co_top_Bid,45.01,44.99,45.02,44.98,0.0,0.0,0.0,0.0,4
1247,61.912873665795104,lo_top_Bid,45.01,44.99,45.02,44.98,0.0,0.0,0.0,0.0,4
1248,61.9129093517911,co_top_Bid,45.01,44.99,45.02,44.98,0.0,0.0,0.0,0.0,4
1249,61.91292581157664,lo_top_Bid,45.01,44.99,45.02,44.98,0.0,0.0,0.0,0.0,4
1250,61.91293042988992,co_deep_Bid,45.01,44.99,45.02,44.98,0.0,0.0,0.0,0.0,4
1251,61.91296453407544,co_top_Ask,45.01,44.99,45.02,44.98,0.0,0.0,0.0,0.0,4
1252,61.912996856308744,lo_top_Bid,45.01,44.99,45.02,44.98,0.0,0.0,0.0,0.0,4
1253,61.91302358545962,lo_top_Bid,45.01,44.99,45.02,44.98,0.0,0.0,0.0,0.0,4
1254,61.91309732671125,lo_top_Bid,45.01,44.99,45.02,44.98,0.0,0.0,0.0,0.0,4
1255,61.91317515535363,co_deep_Bid,45.01,44.99,45.02,44.98,0.0,0.0,0.0,0.0,4
1256,61.91333672005013,co_top_Ask,45.01,44.99,45.02,44.98,0.0,0.0,0.0,0.0,4
1257,61.91345874734337,lo_top_Bid,45.01,44.99,45.02,44.98,0.0,0.0,0.0,0.0,4
1258,61.91367083532122,co_deep_Bid,45.01,44.99,45.02,44.98,0.0,0.0,0.0,0.0,4
1259,61.91387264343855,lo_top_Bid,45.01,44.99,45.02,44.98,0.0,0.0,0.0,0.0,4
1260,61.913913017363264,co_deep_Bid,45.01,44.99,45.02,44.98,0.0,0.0,0.0,0.0,4
1261,61.91403914237832,lo_top_Bid,45.01,44.99,45.02,44.98,0.0,0.0,0.0,0.0,4
1262,61.91404892432581,co_deep_Bid,45.01,44.99,45.02,44.98,0.0,0.0,0.0,0.0,4
1263,61.914162259046236,lo_top_Bid,45.01,44.99,45.02,44.98,0.0,0.0,0.0,0.0,4
1264,61.914246519124816,co_top_Bid,45.01,44.99,45.02,44.98,0.0,0.0,0.0,0.0,4
1265,61.914263774087964,co_top_Bid,45.01,44.99,45.02,44.98,0.0,0.0,0.0,0.0,4
1266,61.9142944309895,lo_top_Bid,45.01,44.99,45.02,44.98,0.0,0.0,0.0,0.0,4
1267,61.91429478471826,co_deep_Bid,45.01,44.99,45.02,44.98,0.0,0.0,0.0,0.0,4
1268,61.91434852404101,co_deep_Bid,45.01,44.99,45.02,44.98,0.0,0.0,0.0,0.0,4
1269,61.91435180212232,co_top_Bid,45.01,44.99,45.02,44.98,0.0,0.0,0.0,0.0,4
1270,61.91441641839798,co_top_Bid,45.01,44.99,45.02,44.98,0.0,0.0,0.0,0.0,4
1271,61.91447496515978,lo_top_Bid,45.01,44.99,45.02,44.98,0.0,0.0,0.0,0.0,4
1272,61.91453951495199,co_deep_Bid,45.01,44.99,45.02,44.98,0.0,0.0,0.0,0.0,4
1273,61.91457689945284,co_deep_Bid,45.01,44.99,45.02,44.97,0.0,0.0,-0.00999999999999801,0.0,4
1274,61.914659573686365,co_deep_Bid,45.01,44.99,45.02,44.97,0.0,0.0,0.0,0.0,4
1275,61.91495698642392,lo_deep_Bid,45.01,44.99,45.02,44.97,0.0,0.0,0.0,0.0,4
1276,61.91498637470984,lo_top_Bid,45.01,44.99,45.02,44.97,0.0,0.0,0.0,0.0,4
1277,61.91502001087539,lo_top_Bid,45.01,44.99,45.02,44.97,0.0,0.0,0.0,0.0,4
1278,61.915083019910114,co_deep_Bid,45.01,44.99,45.02,44.97,0.0,0.0,0.0,0.0,4
1279,61.9151576575775,lo_deep_Bid,45.01,44.99,45.02,44.97,0.0,0.0,0.0,0.0,4
1280,61.91551916727366,co_top_Bid,45.01,44.99,45.02,44.97,0.0,0.0,0.0,0.0,4
1281,61.9156860311493,lo_top_Bid,45.01,44.99,45.02,44.97,0.0,0.0,0.0,0.0,4
1282,61.91584088331644,lo_top_Bid,45.01,44.99,45.02,44.97,0.0,0.0,0.0,0.0,4
1283,61.91588757083587,lo_top_Bid,45.01,44.99,45.02,44.97,0.0,0.0,0.0,0.0,4
1284,61.915948944071886,co_top_Bid,45.01,44.99,45.02,44.97,0.0,0.0,0.0,0.0,4
1285,61.916082513515384,mo_Bid,45.01,44.99,45.02,44.97,0.0,0.0,0.0,0.0,4
1286,61.916200849141845,lo_top_Bid,45.01,44.99,45.02,44.97,0.0,0.0,0.0,0.0,4
