,Time,event,Ask Price 1,Bid Price 1,Ask Price 2,Bid Price 2,BidDiff,AskDiff,BidDiff2,AskDiff2,Date
0,0.0006615101765327198,lo_inspread_Ask,45.01,44.97,45.02,44.96,,,,,5
1,0.0008134303080451883,lo_inspread_Ask,45.0,44.97,45.01,44.96,0.0,-0.00999999999999801,0.0,-0.010000000000005116,5
2,0.0009086352756895093,lo_inspread_Ask,44.99,44.97,45.0,44.96,0.0,-0.00999999999999801,0.0,-0.00999999999999801,5
3,0.0013247400364829452,lo_inspread_Ask,44.98,44.97,44.99,44.96,0.0,-0.010000000000005116,0.0,-0.00999999999999801,5
4,0.08373077422447293,lo_top_Bid,44.98,44.97,44.99,44.96,0.0,0.0,0.0,0.0,5
5,0.17517637448049123,lo_deep_Ask,44.98,44.97,44.99,44.96,0.0,0.0,0.0,0.0,5
6,0.1763637746761336,co_deep_Ask,44.98,44.97,44.99,44.96,0.0,0.0,0.0,0.0,5
7,0.17645440761004214,co_deep_Ask,44.98,44.97,45.0,44.96,0.0,0.0,0.0,0.00999999999999801,5
8,0.17649892971393402,co_deep_Ask,44.98,44.97,45.0,44.96,0.0,0.0,0.0,0.0,5
9,0.17708782852731247,co_deep_Ask,44.98,44.97,45.0,44.96,0.0,0.0,0.0,0.0,5
10,0.1771122977159048,lo_deep_Ask,44.98,44.97,45.0,44.96,0.0,0.0,0.0,0.0,5
11,0.17715552694215275,lo_deep_Ask,44.98,44.97,45.0,44.96,0.0,0.0,0.0,0.0,5
12,0.17718324112179634,lo_deep_Ask,44.98,44.97,45.0,44.96,0.0,0.0,0.0,0.0,5
13,0.17741664182282282,co_top_Ask,45.0,44.97,45.01,44.96,0.0,0.020000000000003126,0.0,0.00999999999999801,5
14,0.18107855697749778,lo_deep_Ask,45.0,44.97,45.01,44.96,0.0,0.0,0.0,0.0,5
15,0.18168200937087287,lo_deep_Ask,45.0,44.97,45.01,44.96,0.0,0.0,0.0,0.0,5
16,0.18635783938080766,co_deep_Ask,45.0,44.97,45.01,44.96,0.0,0.0,0.0,0.0,5
17,0.19029394519395637,lo_deep_Ask,45.0,44.97,45.01,44.96,0.0,0.0,0.0,0.0,5
18,0.1903278328944838,co_deep_Ask,45.0,44.97,45.01,44.96,0.0,0.0,0.0,0.0,5
19,0.19074055619115293,co_deep_Ask,45.0,44.97,45.01,44.96,0.0,0.0,0.0,0.0,5
20,0.1907769386222802,lo_deep_Ask,45.0,44.97,45.01,44.96,0.0,0.0,0.0,0.0,5
21,0.1909191488866001,lo_deep_Ask,45.0,44.97,45.01,44.96,0.0,0.0,0.0,0.0,5
22,0.19098519788119414,lo_deep_Ask,45.0,44.97,45.01,44.96,0.0,0.0,0.0,0.0,5
23,0.19099419874090412,lo_deep_Ask,45.0,44.97,45.01,44.96,0.0,0.0,0.0,0.0,5
24,0.19265044002559328,lo_deep_Ask,45.0,44.97,45.01,44.96,0.0,0.0,0.0,0.0,5
25,0.19281225069642513,co_deep_Ask,45.0,44.97,45.01,44.96,0.0,0.0,0.0,0.0,5
26,0.19292123565834074,co_deep_Ask,45.0,44.97,45.01,44.96,0.0,0.0,0.0,0.0,5
27,0.1930730153457658,co_top_Ask,45.0,44.97,45.01,44.96,0.0,0.0,0.0,0.0,5
28,0.1931065377098367,lo_deep_Ask,45.0,44.97,45.01,44.96,0.0,0.0,0.0,0.0,5
29,0.19311500334878332,co_top_Ask,45.0,44.97,45.01,44.96,0.0,0.0,0.0,0.0,5
30,0.19314290477633642,co_top_Ask,45.0,44.97,45.01,44.96,0.0,0.0,0.0,0.0,5
31,0.19318692324933098,co_deep_Ask,45.0,44.97,45.01,44.96,0.0,0.0,0.0,0.0,5
32,0.1932874014307416,co_top_Ask,45.0,44.97,45.01,44.96,0.0,0.0,0.0,0.0,5
33,0.19334804747115777,lo_inspread_Ask,44.99,44.97,45.0,44.96,0.0,-0.00999999999999801,0.0,-0.00999999999999801,5
34,0.19342023103653805,lo_deep_Ask,44.99,44.97,45.0,44.96,0.0,0.0,0.0,0.0,5
35,0.19355884356106998,lo_inspread_Ask,44.98,44.97,44.99,44.96,0.0,-0.010000000000005116,0.0,-0.00999999999999801,5
36,0.19404105228082716,lo_top_Bid,44.98,44.97,44.99,44.96,0.0,0.0,0.0,0.0,5
37,0.19406508636271955,co_deep_Bid,44.98,44.97,44.99,44.96,0.0,0.0,0.0,0.0,5
38,0.19409624445605958,co_deep_Bid,44.98,44.97,44.99,44.96,0.0,0.0,0.0,0.0,5
39,0.19410865555747117,co_deep_Bid,44.98,44.97,44.99,44.96,0.0,0.0,0.0,0.0,5
40,0.1941929257193562,lo_deep_Bid,44.98,44.97,44.99,44.96,0.0,0.0,0.0,0.0,5
41,0.19497126759957126,lo_deep_Ask,44.98,44.97,44.99,44.96,0.0,0.0,0.0,0.0,5
42,0.195024173565136,lo_deep_Ask,44.98,44.97,44.99,44.96,0.0,0.0,0.0,0.0,5
43,0.19533367153032444,lo_deep_Ask,44.98,44.97,44.99,44.96,0.0,0.0,0.0,0.0,5
44,0.19533827847606514,lo_deep_Ask,44.98,44.97,44.99,44.96,0.0,0.0,0.0,0.0,5
45,0.19539197412050735,lo_deep_Ask,44.98,44.97,44.99,44.96,0.0,0.0,0.0,0.0,5
46,0.19547684336126675,lo_deep_Ask,44.98,44.97,44.99,44.96,0.0,0.0,0.0,0.0,5
47,0.1955304690447587,co_deep_Ask,44.98,44.97,44.99,44.96,0.0,0.0,0.0,0.0,5
48,0.1971670749329733,lo_deep_Ask,44.98,44.97,44.99,44.96,0.0,0.0,0.0,0.0,5
49,0.19723045431615138,mo_Ask,44.99,44.97,45.0,44.96,0.0,0.010000000000005116,0.0,0.00999999999999801,5
50,0.19742685032886553,lo_inspread_Ask,44.98,44.97,44.99,44.96,0.0,-0.010000000000005116,0.0,-0.00999999999999801,5
51,0.19744122137857295,mo_Ask,44.98,44.97,44.99,44.96,0.0,0.0,0.0,0.0,5
52,0.19749035461227157,mo_Ask,44.98,44.97,44.99,44.96,0.0,0.0,0.0,0.0,5
53,0.19759392131634027,lo_deep_Ask,44.98,44.97,44.99,44.96,0.0,0.0,0.0,0.0,5
54,0.1981503293563078,mo_Ask,44.98,44.97,44.99,44.96,0.0,0.0,0.0,0.0,5
55,0.1982498227196506,lo_deep_Ask,44.98,44.97,44.99,44.96,0.0,0.0,0.0,0.0,5
56,0.19830693389019924,co_deep_Ask,44.98,44.97,44.99,44.96,0.0,0.0,0.0,0.0,5
57,0.1990715709162119,lo_deep_Ask,44.98,44.97,44.99,44.96,0.0,0.0,0.0,0.0,5
58,0.20188516568396708,lo_deep_Ask,44.98,44.97,44.99,44.96,0.0,0.0,0.0,0.0,5
59,0.2859722184358657,lo_deep_Ask,44.98,44.97,44.99,44.96,0.0,0.0,0.0,0.0,5
60,0.28665903602965437,lo_deep_Ask,44.98,44.97,44.99,44.96,0.0,0.0,0.0,0.0,5
61,0.2868287047666746,co_deep_Ask,44.98,44.97,44.99,44.96,0.0,0.0,0.0,0.0,5
62,0.286864565762223,co_deep_Ask,44.98,44.97,44.99,44.96,0.0,0.0,0.0,0.0,5
63,0.2869126924069408,lo_deep_Ask,44.98,44.97,44.99,44.96,0.0,0.0,0.0,0.0,5
64,0.2869869488483928,co_deep_Ask,44.98,44.97,44.99,44.96,0.0,0.0,0.0,0.0,5
65,0.2881029611380149,co_deep_Ask,44.98,44.97,44.99,44.96,0.0,0.0,0.0,0.0,5
66,0.28836736341049535,co_top_Ask,44.99,44.97,45.0,44.96,0.0,0.010000000000005116,0.0,0.00999999999999801,5
67,0.2887575346580495,co_top_Bid,44.99,44.97,45.0,44.96,0.0,0.0,0.0,0.0,5
68,0.28961743331441064,co_deep_Ask,44.99,44.97,45.0,44.96,0.0,0.0,0.0,0.0,5
69,0.28984979351510465,lo_deep_Ask,44.99,44.97,45.0,44.96,0.0,0.0,0.0,0.0,5
70,0.3649519299467691,co_deep_Ask,44.99,44.97,45.0,44.96,0.0,0.0,0.0,0.0,5
71,0.3650297293430135,co_deep_Ask,44.99,44.97,45.0,44.96,0.0,0.0,0.0,0.0,5
72,0.36533146620179124,co_deep_Ask,44.99,44.97,45.0,44.96,0.0,0.0,0.0,0.0,5
73,0.3653537326390337,co_deep_Ask,44.99,44.97,45.0,44.96,0.0,0.0,0.0,0.0,5
74,0.3657930786519676,co_top_Ask,44.99,44.97,45.0,44.96,0.0,0.0,0.0,0.0,5
75,0.36770487135581065,lo_deep_Ask,44.99,44.97,45.0,44.96,0.0,0.0,0.0,0.0,5
76,0.544577502696108,co_deep_Ask,44.99,44.97,45.0,44.96,0.0,0.0,0.0,0.0,5
77,0.5446100458087818,co_deep_Ask,44.99,44.97,45.0,44.96,0.0,0.0,0.0,0.0,5
78,0.544877607410485,lo_deep_Ask,44.99,44.97,45.0,44.96,0.0,0.0,0.0,0.0,5
79,0.5449458018485859,co_deep_Ask,44.99,44.97,45.0,44.96,0.0,0.0,0.0,0.0,5
80,0.544967736046707,co_deep_Ask,44.99,44.97,45.0,44.96,0.0,0.0,0.0,0.0,5
81,0.5452236275573188,lo_deep_Ask,44.99,44.97,45.0,44.96,0.0,0.0,0.0,0.0,5
82,0.5497900006353371,lo_deep_Ask,44.99,44.97,45.0,44.96,0.0,0.0,0.0,0.0,5
83,0.5583276147222452,co_deep_Ask,44.99,44.97,45.0,44.96,0.0,0.0,0.0,0.0,5
84,0.5627872121276521,co_deep_Ask,44.99,44.97,45.0,44.96,0.0,0.0,0.0,0.0,5
85,0.5762474007281788,co_deep_Ask,44.99,44.97,45.0,44.96,0.0,0.0,0.0,0.0,5
86,0.5775971308229824,co_deep_Ask,44.99,44.97,45.0,44.96,0.0,0.0,0.0,0.0,5
87,0.5776120611557949,lo_inspread_Ask,44.98,44.97,44.99,44.96,0.0,-0.010000000000005116,0.0,-0.00999999999999801,5
88,0.5780649904879444,lo_deep_Ask,44.98,44.97,44.99,44.96,0.0,0.0,0.0,0.0,5
89,0.5782294316690104,co_deep_Ask,44.98,44.97,44.99,44.96,0.0,0.0,0.0,0.0,5
90,0.5783005619336726,lo_deep_Ask,44.98,44.97,44.99,44.96,0.0,0.0,0.0,0.0,5
91,0.5788416230054537,co_deep_Ask,44.98,44.97,44.99,44.96,0.0,0.0,0.0,0.0,5
92,4.627256372316662,mo_Ask,44.98,44.97,44.99,44.96,0.0,0.0,0.0,0.0,5
93,7.747627788974009,co_deep_Bid,44.98,44.97,44.99,44.96,0.0,0.0,0.0,0.0,5
94,7.747845489005807,co_deep_Bid,44.98,44.97,44.99,44.96,0.0,0.0,0.0,0.0,5
95,7.747852688591379,lo_top_Bid,44.98,44.97,44.99,44.96,0.0,0.0,0.0,0.0,5
96,7.747977441729145,lo_top_Bid,44.98,44.97,44.99,44.96,0.0,0.0,0.0,0.0,5
97,7.747990622741655,co_deep_Bid,44.98,44.97,44.99,44.95,0.0,0.0,-0.00999999999999801,0.0,5
98,7.748070338645136,co_deep_Bid,44.98,44.97,44.99,44.95,0.0,0.0,0.0,0.0,5
99,7.748072024664856,co_deep_Bid,44.98,44.97,44.99,44.95,0.0,0.0,0.0,0.0,5
100,7.748528012533699,co_deep_Bid,44.98,44.97,44.99,44.95,0.0,0.0,0.0,0.0,5
101,7.7491413200223525,lo_top_Bid,44.98,44.97,44.99,44.95,0.0,0.0,0.0,0.0,5
102,7.75081651214192,co_deep_Bid,44.98,44.97,44.99,44.95,0.0,0.0,0.0,0.0,5
103,7.757924492554327,lo_deep_Bid,44.98,44.97,44.99,44.95,0.0,0.0,0.0,0.0,5
104,7.758105964650847,lo_deep_Bid,44.98,44.97,44.99,44.95,0.0,0.0,0.0,0.0,5
105,7.7586893306331906,lo_top_Bid,44.98,44.97,44.99,44.95,0.0,0.0,0.0,0.0,5
106,7.758716080867188,lo_top_Bid,44.98,44.97,44.99,44.95,0.0,0.0,0.0,0.0,5
107,7.75875435349271,co_top_Bid,44.98,44.97,44.99,44.95,0.0,0.0,0.0,0.0,5
108,7.7587852522519185,co_top_Bid,44.98,44.97,44.99,44.95,0.0,0.0,0.0,0.0,5
109,7.758970734235027,lo_top_Bid,44.98,44.97,44.99,44.95,0.0,0.0,0.0,0.0,5
110,7.759008635396419,co_top_Bid,44.98,44.97,44.99,44.95,0.0,0.0,0.0,0.0,5
111,7.759072966263569,lo_top_Bid,44.98,44.97,44.99,44.95,0.0,0.0,0.0,0.0,5
112,7.75911415866105,co_top_Bid,44.98,44.97,44.99,44.95,0.0,0.0,0.0,0.0,5
113,7.75913895024493,co_top_Bid,44.98,44.97,44.99,44.95,0.0,0.0,0.0,0.0,5
114,7.759145661912862,co_top_Bid,44.98,44.97,44.99,44.95,0.0,0.0,0.0,0.0,5
115,7.7596242492715355,lo_top_Bid,44.98,44.97,44.99,44.95,0.0,0.0,0.0,0.0,5
116,7.75968558780529,lo_top_Bid,44.98,44.97,44.99,44.95,0.0,0.0,0.0,0.0,5
117,7.759793034680131,co_top_Bid,44.98,44.97,44.99,44.95,0.0,0.0,0.0,0.0,5
118,7.759959175118115,co_top_Bid,44.98,44.97,44.99,44.95,0.0,0.0,0.0,0.0,5
119,7.760938185496035,co_top_Bid,44.98,44.97,44.99,44.95,0.0,0.0,0.0,0.0,5
120,7.761161636322829,co_top_Bid,44.98,44.97,44.99,44.95,0.0,0.0,0.0,0.0,5
121,7.761181860728914,mo_Bid,44.98,44.97,44.99,44.95,0.0,0.0,0.0,0.0,5
122,7.761187956584018,lo_top_Bid,44.98,44.97,44.99,44.95,0.0,0.0,0.0,0.0,5
123,7.7612269712067175,lo_top_Bid,44.98,44.97,44.99,44.95,0.0,0.0,0.0,0.0,5
124,7.761250592731024,co_top_Bid,44.98,44.97,44.99,44.95,0.0,0.0,0.0,0.0,5
125,7.761264840593543,lo_top_Bid,44.98,44.97,44.99,44.95,0.0,0.0,0.0,0.0,5
126,7.761275991831159,co_top_Bid,44.98,44.97,44.99,44.95,0.0,0.0,0.0,0.0,5
127,7.76133184862659,co_top_Bid,44.98,44.97,44.99,44.95,0.0,0.0,0.0,0.0,5
128,7.761332637470489,lo_top_Bid,44.98,44.97,44.99,44.95,0.0,0.0,0.0,0.0,5
129,7.761338304088777,co_top_Bid,44.98,44.97,44.99,44.95,0.0,0.0,0.0,0.0,5
130,7.761342027994206,co_top_Bid,44.98,44.97,44.99,44.95,0.0,0.0,0.0,0.0,5
131,7.7613501106413265,co_top_Bid,44.98,44.97,44.99,44.95,0.0,0.0,0.0,0.0,5
132,7.761445577055381,mo_Bid,44.98,44.97,44.99,44.95,0.0,0.0,0.0,0.0,5
133,7.761445802294499,co_top_Bid,44.98,44.97,44.99,44.95,0.0,0.0,0.0,0.0,5
134,7.7615060650590015,co_top_Bid,44.98,44.95,44.99,44.94,-0.01999999999999602,0.0,-0.010000000000005116,0.0,5
135,7.761506856041978,co_top_Bid,44.98,44.95,44.99,44.94,0.0,0.0,0.0,0.0,5
136,7.7615351553200735,lo_top_Bid,44.98,44.95,44.99,44.94,0.0,0.0,0.0,0.0,5
137,7.761563571766388,lo_top_Bid,44.98,44.95,44.99,44.94,0.0,0.0,0.0,0.0,5
138,7.761578116278446,co_top_Bid,44.98,44.95,44.99,44.94,0.0,0.0,0.0,0.0,5
139,7.761627506610783,co_top_Bid,44.98,44.95,44.99,44.94,0.0,0.0,0.0,0.0,5
140,7.761744762418107,mo_Bid,44.98,44.95,44.99,44.94,0.0,0.0,0.0,0.0,5
141,7.761805948663121,mo_Bid,44.98,44.95,44.99,44.94,0.0,0.0,0.0,0.0,5
142,7.761809445532355,lo_top_Bid,44.98,44.95,44.99,44.94,0.0,0.0,0.0,0.0,5
143,7.761883979496473,mo_Bid,44.98,44.95,44.99,44.94,0.0,0.0,0.0,0.0,5
144,7.761901443791665,co_top_Bid,44.98,44.95,44.99,44.94,0.0,0.0,0.0,0.0,5
145,7.761914165917269,lo_top_Bid,44.98,44.95,44.99,44.94,0.0,0.0,0.0,0.0,5
146,7.7619286129170915,lo_inspread_Bid,44.98,44.96,44.99,44.95,0.00999999999999801,0.0,0.010000000000005116,0.0,5
147,7.761968776668485,mo_Bid,44.98,44.95,44.99,44.94,-0.00999999999999801,0.0,-0.010000000000005116,0.0,5
148,7.761970881531861,lo_inspread_Bid,44.98,44.96,44.99,44.95,0.00999999999999801,0.0,0.010000000000005116,0.0,5
149,7.761976583901792,co_top_Bid,44.98,44.95,44.99,44.94,-0.00999999999999801,0.0,-0.010000000000005116,0.0,5
150,7.761982801175099,lo_inspread_Bid,44.98,44.96,44.99,44.95,0.00999999999999801,0.0,0.010000000000005116,0.0,5
151,7.762022560742609,lo_top_Bid,44.98,44.96,44.99,44.95,0.0,0.0,0.0,0.0,5
152,7.762055652664918,lo_inspread_Bid,44.98,44.97,44.99,44.96,0.00999999999999801,0.0,0.00999999999999801,0.0,5
153,7.7623142531944165,mo_Bid,44.98,44.95,44.99,44.94,-0.01999999999999602,0.0,-0.020000000000003126,0.0,5
154,7.762325624859049,lo_inspread_Bid,44.98,44.96,44.99,44.95,0.00999999999999801,0.0,0.010000000000005116,0.0,5
155,7.762354017416366,lo_top_Bid,44.98,44.96,44.99,44.95,0.0,0.0,0.0,0.0,5
156,7.762438127506368,lo_inspread_Bid,44.98,44.97,44.99,44.96,0.00999999999999801,0.0,0.00999999999999801,0.0,5
157,7.762680530696593,mo_Bid,44.98,44.96,44.99,44.95,-0.00999999999999801,0.0,-0.00999999999999801,0.0,5
158,7.762705399640192,lo_inspread_Bid,44.98,44.97,44.99,44.96,0.00999999999999801,0.0,0.00999999999999801,0.0,5
159,7.7628486518471815,mo_Bid,44.98,44.96,44.99,44.95,-0.00999999999999801,0.0,-0.00999999999999801,0.0,5
160,7.762883047569581,lo_inspread_Bid,44.98,44.97,44.99,44.96,0.00999999999999801,0.0,0.00999999999999801,0.0,5
161,7.762945445203965,mo_Bid,44.98,44.97,44.99,44.96,0.0,0.0,0.0,0.0,5
162,7.763454693213187,mo_Bid,44.98,44.97,44.99,44.96,0.0,0.0,0.0,0.0,5
163,7.763460056288456,mo_Bid,44.98,44.97,44.99,44.96,0.0,0.0,0.0,0.0,5
164,7.763555796145244,mo_Bid,44.98,44.97,44.99,44.96,0.0,0.0,0.0,0.0,5
165,7.763795850885838,mo_Bid,44.98,44.95,44.99,44.94,-0.01999999999999602,0.0,-0.020000000000003126,0.0,5
166,7.763889420178844,lo_inspread_Bid,44.98,44.96,44.99,44.95,0.00999999999999801,0.0,0.010000000000005116,0.0,5
167,7.763980257241821,lo_inspread_Bid,44.98,44.97,44.99,44.96,0.00999999999999801,0.0,0.00999999999999801,0.0,5
168,7.76398151312155,co_top_Bid,44.98,44.96,44.99,44.95,-0.00999999999999801,0.0,-0.00999999999999801,0.0,5
169,7.7640195339738804,lo_inspread_Bid,44.98,44.97,44.99,44.96,0.00999999999999801,0.0,0.00999999999999801,0.0,5
170,7.764035313175354,co_top_Ask,44.99,44.97,45.0,44.96,0.0,0.010000000000005116,0.0,0.00999999999999801,5
171,7.764042149451209,lo_inspread_Ask,44.98,44.97,44.99,44.96,0.0,-0.010000000000005116,0.0,-0.00999999999999801,5
172,7.76416183470136,co_top_Bid,44.98,44.96,44.99,44.95,-0.00999999999999801,0.0,-0.00999999999999801,0.0,5
173,7.764250371204659,lo_inspread_Bid,44.98,44.97,44.99,44.96,0.00999999999999801,0.0,0.00999999999999801,0.0,5
174,7.7643978572999846,co_top_Bid,44.98,44.96,44.99,44.95,-0.00999999999999801,0.0,-0.00999999999999801,0.0,5
175,7.7644483684274155,co_top_Bid,44.98,44.95,44.99,44.94,-0.00999999999999801,0.0,-0.010000000000005116,0.0,5
176,7.764613800030225,lo_inspread_Ask,44.97,44.95,44.98,44.94,0.0,-0.00999999999999801,0.0,-0.010000000000005116,5
177,7.764627632686133,lo_inspread_Ask,44.96,44.95,44.97,44.94,0.0,-0.00999999999999801,0.0,-0.00999999999999801,5
178,7.7648633996537475,co_top_Ask,44.97,44.95,44.98,44.94,0.0,0.00999999999999801,0.0,0.00999999999999801,5
179,7.76574716837931,lo_inspread_Ask,44.96,44.95,44.97,44.94,0.0,-0.00999999999999801,0.0,-0.00999999999999801,5
180,7.765923048961108,mo_Ask,44.96,44.95,44.97,44.94,0.0,0.0,0.0,0.0,5
181,7.765957402414456,mo_Ask,44.97,44.95,44.98,44.94,0.0,0.00999999999999801,0.0,0.00999999999999801,5
182,7.766042349208656,lo_inspread_Bid,44.97,44.96,44.98,44.95,0.00999999999999801,0.0,0.010000000000005116,0.0,5
183,7.76607694272097,mo_Ask,44.98,44.96,44.99,44.95,0.0,0.00999999999999801,0.0,0.010000000000005116,5
184,7.766317487467077,mo_Ask,44.99,44.96,45.0,44.95,0.0,0.010000000000005116,0.0,0.00999999999999801,5
185,7.766328521109362,mo_Ask,45.0,44.96,45.01,44.95,0.0,0.00999999999999801,0.0,0.00999999999999801,5
186,7.766354556734477,lo_inspread_Ask,44.99,44.96,45.0,44.95,0.0,-0.00999999999999801,0.0,-0.00999999999999801,5
187,7.7664055830428955,mo_Ask,44.99,44.96,45.0,44.95,0.0,0.0,0.0,0.0,5
188,7.766447714012905,lo_inspread_Ask,44.98,44.96,44.99,44.95,0.0,-0.010000000000005116,0.0,-0.00999999999999801,5
189,7.766532182527398,lo_inspread_Ask,44.97,44.96,44.98,44.95,0.0,-0.00999999999999801,0.0,-0.010000000000005116,5
190,7.766734357893543,mo_Ask,44.98,44.96,44.99,44.95,0.0,0.00999999999999801,0.0,0.010000000000005116,5
191,7.766962329759486,lo_inspread_Ask,44.97,44.96,44.98,44.95,0.0,-0.00999999999999801,0.0,-0.010000000000005116,5
192,7.7670498396388306,mo_Ask,44.97,44.96,44.98,44.95,0.0,0.0,0.0,0.0,5
193,7.769338649370344,mo_Ask,44.97,44.96,44.98,44.95,0.0,0.0,0.0,0.0,5
194,7.77086512578181,lo_top_Bid,44.97,44.96,44.98,44.95,0.0,0.0,0.0,0.0,5
195,7.770933190015663,co_deep_Bid,44.97,44.96,44.98,44.95,0.0,0.0,0.0,0.0,5
196,7.774045739005603,lo_top_Bid,44.97,44.96,44.98,44.95,0.0,0.0,0.0,0.0,5
197,7.774824673510712,co_deep_Bid,44.97,44.96,44.98,44.95,0.0,0.0,0.0,0.0,5
198,7.779354237934445,mo_Bid,44.97,44.96,44.98,44.95,0.0,0.0,0.0,0.0,5
199,7.779377368894847,lo_top_Bid,44.97,44.96,44.98,44.95,0.0,0.0,0.0,0.0,5
200,7.779442867236728,co_top_Bid,44.97,44.96,44.98,44.95,0.0,0.0,0.0,0.0,5
201,7.779446915028062,co_top_Bid,44.97,44.96,44.98,44.95,0.0,0.0,0.0,0.0,5
202,7.779512965122111,co_top_Bid,44.97,44.96,44.98,44.95,0.0,0.0,0.0,0.0,5
203,7.7795455954600365,mo_Bid,44.97,44.96,44.98,44.95,0.0,0.0,0.0,0.0,5
204,7.779722357267428,lo_top_Bid,44.97,44.96,44.98,44.95,0.0,0.0,0.0,0.0,5
205,7.77974972163304,mo_Bid,44.97,44.95,44.98,44.94,-0.00999999999999801,0.0,-0.010000000000005116,0.0,5
206,7.779786546878597,lo_inspread_Bid,44.97,44.96,44.98,44.95,0.00999999999999801,0.0,0.010000000000005116,0.0,5
207,7.779811245312378,mo_Bid,44.97,44.96,44.98,44.95,0.0,0.0,0.0,0.0,5
208,7.779857651803285,mo_Bid,44.97,44.96,44.98,44.95,0.0,0.0,0.0,0.0,5
209,7.779868700455355,lo_top_Bid,44.97,44.96,44.98,44.95,0.0,0.0,0.0,0.0,5
210,7.780125109007807,mo_Bid,44.97,44.96,44.98,44.95,0.0,0.0,0.0,0.0,5
211,7.780227594129712,lo_top_Bid,44.97,44.96,44.98,44.95,0.0,0.0,0.0,0.0,5
212,7.780936977638297,co_top_Bid,44.97,44.96,44.98,44.95,0.0,0.0,0.0,0.0,5
213,7.780966780925889,co_top_Bid,44.97,44.95,44.98,44.94,-0.00999999999999801,0.0,-0.010000000000005116,0.0,5
214,7.781456109977163,mo_Bid,44.97,44.95,44.98,44.94,0.0,0.0,0.0,0.0,5
215,7.7821080431265255,mo_Bid,44.97,44.95,44.98,44.94,0.0,0.0,0.0,0.0,5
216,7.782171222385968,lo_inspread_Bid,44.97,44.96,44.98,44.95,0.00999999999999801,0.0,0.010000000000005116,0.0,5
217,7.782643937779888,mo_Bid,44.97,44.95,44.98,44.94,-0.00999999999999801,0.0,-0.010000000000005116,0.0,5
218,7.782686110075428,lo_inspread_Bid,44.97,44.96,44.98,44.95,0.00999999999999801,0.0,0.010000000000005116,0.0,5
219,7.782756469671019,mo_Bid,44.97,44.96,44.98,44.95,0.0,0.0,0.0,0.0,5
220,7.782835775752431,mo_Bid,44.97,44.95,44.98,44.94,-0.00999999999999801,0.0,-0.010000000000005116,0.0,5
221,7.7829419337018555,lo_inspread_Bid,44.97,44.96,44.98,44.95,0.00999999999999801,0.0,0.010000000000005116,0.0,5
222,7.782965504773795,mo_Bid,44.97,44.95,44.98,44.94,-0.00999999999999801,0.0,-0.010000000000005116,0.0,5
223,7.782993864781296,lo_inspread_Bid,44.97,44.96,44.98,44.95,0.00999999999999801,0.0,0.010000000000005116,0.0,5
224,7.783078677867477,mo_Bid,44.97,44.95,44.98,44.94,-0.00999999999999801,0.0,-0.010000000000005116,0.0,5
225,7.783315040037401,mo_Bid,44.97,44.95,44.98,44.94,0.0,0.0,0.0,0.0,5
226,7.783446308063298,lo_inspread_Bid,44.97,44.96,44.98,44.95,0.00999999999999801,0.0,0.010000000000005116,0.0,5
227,7.784179785621689,lo_top_Bid,44.97,44.96,44.98,44.95,0.0,0.0,0.0,0.0,5
228,7.78417988562169,lo_top_Bid,44.97,44.96,44.98,44.95,0.0,0.0,0.0,0.0,5
229,7.784208459437469,co_deep_Bid,44.97,44.96,44.98,44.95,0.0,0.0,0.0,0.0,5
230,7.788554127237272,lo_top_Bid,44.97,44.96,44.98,44.95,0.0,0.0,0.0,0.0,5
231,7.788602398551868,lo_top_Bid,44.97,44.96,44.98,44.95,0.0,0.0,0.0,0.0,5
232,7.788662865469342,co_top_Bid,44.97,44.96,44.98,44.95,0.0,0.0,0.0,0.0,5
233,7.798897223804207,lo_top_Bid,44.97,44.96,44.98,44.95,0.0,0.0,0.0,0.0,5
234,7.799774936574959,lo_top_Bid,44.97,44.96,44.98,44.95,0.0,0.0,0.0,0.0,5
235,7.804151693281676,lo_top_Bid,44.97,44.96,44.98,44.95,0.0,0.0,0.0,0.0,5
236,7.810047329495596,lo_top_Bid,44.97,44.96,44.98,44.95,0.0,0.0,0.0,0.0,5
237,7.810200817614157,co_deep_Bid,44.97,44.96,44.98,44.95,0.0,0.0,0.0,0.0,5
238,7.810209786051754,lo_deep_Bid,44.97,44.96,44.98,44.95,0.0,0.0,0.0,0.0,5
239,7.866387796356812,mo_Bid,44.97,44.96,44.98,44.95,0.0,0.0,0.0,0.0,5
240,7.889386930656562,lo_top_Bid,44.97,44.96,44.98,44.95,0.0,0.0,0.0,0.0,5
241,7.892814443807763,lo_top_Bid,44.97,44.96,44.98,44.95,0.0,0.0,0.0,0.0,5
242,7.8965299462703715,co_deep_Bid,44.97,44.96,44.98,44.95,0.0,0.0,0.0,0.0,5
243,7.929162358732136,mo_Bid,44.97,44.96,44.98,44.95,0.0,0.0,0.0,0.0,5
244,7.964520435061234,lo_top_Bid,44.97,44.96,44.98,44.95,0.0,0.0,0.0,0.0,5
245,7.964530242844162,co_deep_Bid,44.97,44.96,44.98,44.95,0.0,0.0,0.0,0.0,5
246,7.964750147511576,co_deep_Bid,44.97,44.96,44.98,44.95,0.0,0.0,0.0,0.0,5
247,7.965492366573648,lo_deep_Bid,44.97,44.96,44.98,44.95,0.0,0.0,0.0,0.0,5
248,7.967962985151503,lo_deep_Bid,44.97,44.96,44.98,44.95,0.0,0.0,0.0,0.0,5
249,7.9679707525274655,lo_top_Bid,44.97,44.96,44.98,44.95,0.0,0.0,0.0,0.0,5
250,7.987940591180802,lo_deep_Bid,44.97,44.96,44.98,44.95,0.0,0.0,0.0,0.0,5
251,8.049681873185952,lo_top_Bid,44.97,44.96,44.98,44.95,0.0,0.0,0.0,0.0,5
252,8.332940807650315,mo_Bid,44.97,44.96,44.98,44.95,0.0,0.0,0.0,0.0,5
253,8.332950447895547,lo_top_Ask,44.97,44.96,44.98,44.95,0.0,0.0,0.0,0.0,5
254,8.332969939428299,lo_top_Ask,44.97,44.96,44.98,44.95,0.0,0.0,0.0,0.0,5
255,8.332995925093893,lo_top_Ask,44.97,44.96,44.98,44.95,0.0,0.0,0.0,0.0,5
256,8.333006478615749,lo_top_Ask,44.97,44.96,44.98,44.95,0.0,0.0,0.0,0.0,5
257,8.333063041327845,lo_top_Ask,44.97,44.96,44.98,44.95,0.0,0.0,0.0,0.0,5
258,8.334186668374002,co_deep_Ask,44.97,44.96,44.99,44.95,0.0,0.0,0.0,0.010000000000005116,5
259,8.334359025688913,co_deep_Ask,44.97,44.96,44.99,44.95,0.0,0.0,0.0,0.0,5
260,8.334541959085739,lo_deep_Ask,44.97,44.96,44.99,44.95,0.0,0.0,0.0,0.0,5
261,8.334636614415915,co_deep_Ask,44.97,44.96,44.99,44.95,0.0,0.0,0.0,0.0,5
262,12.394091665826307,co_deep_Bid,44.97,44.96,44.99,44.95,0.0,0.0,0.0,0.0,5
263,18.06803669439315,lo_deep_Bid,44.97,44.96,44.99,44.95,0.0,0.0,0.0,0.0,5
264,23.50136237354789,co_top_Ask,44.97,44.96,44.99,44.95,0.0,0.0,0.0,0.0,5
265,23.559320175599815,co_top_Ask,44.97,44.96,44.99,44.95,0.0,0.0,0.0,0.0,5
266,23.55942249684791,co_top_Ask,44.97,44.96,44.99,44.95,0.0,0.0,0.0,0.0,5
267,23.559435116657756,co_top_Ask,44.97,44.96,44.99,44.95,0.0,0.0,0.0,0.0,5
268,23.559469149681593,co_top_Ask,44.97,44.96,44.99,44.95,0.0,0.0,0.0,0.0,5
269,23.5605143757675,co_top_Ask,44.99,44.96,45.0,44.95,0.0,0.020000000000003126,0.0,0.00999999999999801,5
270,23.587772918757278,co_top_Ask,44.99,44.96,45.0,44.95,0.0,0.0,0.0,0.0,5
271,23.587810398670943,lo_inspread_Ask,44.98,44.96,44.99,44.95,0.0,-0.010000000000005116,0.0,-0.00999999999999801,5
272,23.587925013870155,lo_inspread_Ask,44.97,44.96,44.98,44.95,0.0,-0.00999999999999801,0.0,-0.010000000000005116,5
273,24.420956660431607,co_top_Ask,44.98,44.96,44.99,44.95,0.0,0.00999999999999801,0.0,0.010000000000005116,5
274,24.477749222788013,co_top_Ask,44.99,44.96,45.0,44.95,0.0,0.010000000000005116,0.0,0.00999999999999801,5
275,24.477813680843077,co_top_Ask,44.99,44.96,45.0,44.95,0.0,0.0,0.0,0.0,5
276,24.905000969357385,mo_Ask,44.99,44.96,45.0,44.95,0.0,0.0,0.0,0.0,5
277,25.06383093262042,lo_inspread_Bid,44.99,44.97,45.0,44.96,0.00999999999999801,0.0,0.00999999999999801,0.0,5
278,25.064087471256137,lo_inspread_Ask,44.98,44.97,44.99,44.96,0.0,-0.010000000000005116,0.0,-0.00999999999999801,5
279,26.81803941857697,co_deep_Ask,44.98,44.97,44.99,44.96,0.0,0.0,0.0,0.0,5
280,26.818091310211457,co_deep_Ask,44.98,44.97,44.99,44.96,0.0,0.0,0.0,0.0,5
281,26.818988935438256,co_deep_Ask,44.98,44.97,44.99,44.96,0.0,0.0,0.0,0.0,5
282,26.81939735692355,co_deep_Ask,44.98,44.97,44.99,44.96,0.0,0.0,0.0,0.0,5
283,26.819784156062404,co_deep_Ask,44.98,44.97,44.99,44.96,0.0,0.0,0.0,0.0,5
284,26.82320507626318,co_top_Ask,44.99,44.97,45.0,44.96,0.0,0.010000000000005116,0.0,0.00999999999999801,5
285,26.82329342221577,lo_inspread_Ask,44.98,44.97,44.99,44.96,0.0,-0.010000000000005116,0.0,-0.00999999999999801,5
286,26.82330134346032,co_top_Ask,44.99,44.97,45.0,44.96,0.0,0.010000000000005116,0.0,0.00999999999999801,5
287,26.823310633266967,co_top_Ask,44.99,44.97,45.0,44.96,0.0,0.0,0.0,0.0,5
288,26.823311157185906,co_top_Ask,44.99,44.97,45.0,44.96,0.0,0.0,0.0,0.0,5
289,26.82336675453399,co_top_Ask,45.0,44.97,45.01,44.96,0.0,0.00999999999999801,0.0,0.00999999999999801,5
290,26.823553578367733,co_top_Ask,45.0,44.97,45.01,44.96,0.0,0.0,0.0,0.0,5
291,26.824209043401364,lo_deep_Ask,45.0,44.97,45.01,44.96,0.0,0.0,0.0,0.0,5
292,26.825155776238347,lo_deep_Ask,45.0,44.97,45.01,44.96,0.0,0.0,0.0,0.0,5
293,26.90189594805413,co_deep_Ask,45.0,44.97,45.01,44.96,0.0,0.0,0.0,0.0,5
294,26.901974090966526,lo_inspread_Ask,44.99,44.97,45.0,44.96,0.0,-0.00999999999999801,0.0,-0.00999999999999801,5
295,26.90227988987997,lo_inspread_Ask,44.98,44.97,44.99,44.96,0.0,-0.010000000000005116,0.0,-0.00999999999999801,5
296,26.9034872019529,mo_Ask,44.99,44.97,45.0,44.96,0.0,0.010000000000005116,0.0,0.00999999999999801,5
297,26.904531751313307,lo_inspread_Ask,44.98,44.97,44.99,44.96,0.0,-0.010000000000005116,0.0,-0.00999999999999801,5
298,26.90504203549994,mo_Ask,44.99,44.97,45.0,44.96,0.0,0.010000000000005116,0.0,0.00999999999999801,5
299,26.9063568257197,lo_inspread_Ask,44.98,44.97,44.99,44.96,0.0,-0.010000000000005116,0.0,-0.00999999999999801,5
300,26.9065359073156,co_top_Ask,44.99,44.97,45.0,44.96,0.0,0.010000000000005116,0.0,0.00999999999999801,5
301,27.115862249555278,mo_Bid,44.99,44.97,45.0,44.96,0.0,0.0,0.0,0.0,5
302,27.115884293397688,lo_inspread_Bid,44.99,44.98,45.0,44.97,0.00999999999999801,0.0,0.00999999999999801,0.0,5
303,31.054988358343294,co_deep_Ask,44.99,44.98,45.0,44.97,0.0,0.0,0.0,0.0,5
304,31.615043072773954,lo_deep_Bid,44.99,44.98,45.0,44.97,0.0,0.0,0.0,0.0,5
305,31.615828312249445,lo_deep_Bid,44.99,44.98,45.0,44.97,0.0,0.0,0.0,0.0,5
306,31.616079628001202,lo_deep_Bid,44.99,44.98,45.0,44.97,0.0,0.0,0.0,0.0,5
307,31.61869838269522,lo_deep_Bid,44.99,44.98,45.0,44.97,0.0,0.0,0.0,0.0,5
308,35.191059878355446,mo_Bid,44.99,44.97,45.0,44.96,-0.00999999999999801,0.0,-0.00999999999999801,0.0,5
309,35.19109130455205,lo_inspread_Bid,44.99,44.98,45.0,44.97,0.00999999999999801,0.0,0.00999999999999801,0.0,5
310,35.19114467162582,mo_Bid,44.99,44.97,45.0,44.96,-0.00999999999999801,0.0,-0.00999999999999801,0.0,5
311,35.191335840868824,lo_inspread_Bid,44.99,44.98,45.0,44.97,0.00999999999999801,0.0,0.00999999999999801,0.0,5
312,35.1935414037909,mo_Bid,44.99,44.98,45.0,44.97,0.0,0.0,0.0,0.0,5
313,35.2322155739696,mo_Bid,44.99,44.97,45.0,44.96,-0.00999999999999801,0.0,-0.00999999999999801,0.0,5
314,35.2322312000956,lo_inspread_Bid,44.99,44.98,45.0,44.97,0.00999999999999801,0.0,0.00999999999999801,0.0,5
315,35.23349582467289,mo_Bid,44.99,44.98,45.0,44.97,0.0,0.0,0.0,0.0,5
316,35.235228106410524,mo_Bid,44.99,44.98,45.0,44.97,0.0,0.0,0.0,0.0,5
317,35.23543573030887,mo_Bid,44.99,44.97,45.0,44.96,-0.00999999999999801,0.0,-0.00999999999999801,0.0,5
318,35.23562990012383,lo_inspread_Bid,44.99,44.98,45.0,44.97,0.00999999999999801,0.0,0.00999999999999801,0.0,5
319,36.44280737950371,lo_top_Ask,44.99,44.98,45.0,44.97,0.0,0.0,0.0,0.0,5
320,36.44288450958775,lo_top_Ask,44.99,44.98,45.0,44.97,0.0,0.0,0.0,0.0,5
321,36.442890449445464,lo_top_Ask,44.99,44.98,45.0,44.97,0.0,0.0,0.0,0.0,5
322,36.44361337565007,lo_top_Ask,44.99,44.98,45.0,44.97,0.0,0.0,0.0,0.0,5
323,36.44364886361211,lo_top_Ask,44.99,44.98,45.0,44.97,0.0,0.0,0.0,0.0,5
324,36.450023885621185,lo_top_Ask,44.99,44.98,45.0,44.97,0.0,0.0,0.0,0.0,5
325,36.45038335343887,co_deep_Ask,44.99,44.98,45.0,44.97,0.0,0.0,0.0,0.0,5
326,36.450483819746125,co_deep_Ask,44.99,44.98,45.0,44.97,0.0,0.0,0.0,0.0,5
327,36.4505875740111,lo_deep_Ask,44.99,44.98,45.0,44.97,0.0,0.0,0.0,0.0,5
328,36.45083430466386,co_deep_Ask,44.99,44.98,45.0,44.97,0.0,0.0,0.0,0.0,5
329,36.45106697533632,co_deep_Ask,44.99,44.98,45.0,44.97,0.0,0.0,0.0,0.0,5
330,36.451184286030454,lo_deep_Ask,44.99,44.98,45.0,44.97,0.0,0.0,0.0,0.0,5
331,36.45126875618421,co_deep_Ask,44.99,44.98,45.0,44.97,0.0,0.0,0.0,0.0,5
332,36.45157791844767,co_deep_Ask,44.99,44.98,45.0,44.97,0.0,0.0,0.0,0.0,5
333,36.451649018494535,co_deep_Ask,44.99,44.98,45.0,44.97,0.0,0.0,0.0,0.0,5
334,36.45178966933485,co_top_Ask,44.99,44.98,45.0,44.97,0.0,0.0,0.0,0.0,5
335,36.451842867575486,co_top_Ask,44.99,44.98,45.0,44.97,0.0,0.0,0.0,0.0,5
336,36.45190688585822,co_deep_Ask,44.99,44.98,45.0,44.97,0.0,0.0,0.0,0.0,5
337,36.451937882319626,co_top_Ask,44.99,44.98,45.0,44.97,0.0,0.0,0.0,0.0,5
338,36.452046541794665,co_deep_Ask,44.99,44.98,45.0,44.97,0.0,0.0,0.0,0.0,5
339,36.452076709003855,co_deep_Ask,44.99,44.98,45.0,44.97,0.0,0.0,0.0,0.0,5
340,36.45214435690503,co_deep_Ask,44.99,44.98,45.01,44.97,0.0,0.0,0.0,0.00999999999999801,5
341,36.45223981488461,lo_deep_Ask,44.99,44.98,45.01,44.97,0.0,0.0,0.0,0.0,5
342,36.4524068108286,co_deep_Ask,44.99,44.98,45.01,44.97,0.0,0.0,0.0,0.0,5
343,36.45251514073665,co_deep_Ask,44.99,44.98,45.01,44.97,0.0,0.0,0.0,0.0,5
344,36.452951688850135,lo_deep_Ask,44.99,44.98,45.01,44.97,0.0,0.0,0.0,0.0,5
345,36.454011670980954,co_deep_Ask,44.99,44.98,45.01,44.97,0.0,0.0,0.0,0.0,5
346,36.454856565432266,co_top_Ask,44.99,44.98,45.01,44.97,0.0,0.0,0.0,0.0,5
347,36.46313208903961,co_top_Ask,44.99,44.98,45.01,44.97,0.0,0.0,0.0,0.0,5
348,36.46313400782271,co_top_Ask,44.99,44.98,45.01,44.97,0.0,0.0,0.0,0.0,5
349,36.463351137366665,lo_deep_Ask,44.99,44.98,45.01,44.97,0.0,0.0,0.0,0.0,5
350,36.46357878733992,co_top_Ask,45.01,44.98,45.02,44.97,0.0,0.01999999999999602,0.0,0.010000000000005116,5
351,36.470616207180804,lo_inspread_Ask,45.0,44.98,45.01,44.97,0.0,-0.00999999999999801,0.0,-0.010000000000005116,5
352,36.47263611376154,lo_inspread_Ask,44.99,44.98,45.0,44.97,0.0,-0.00999999999999801,0.0,-0.00999999999999801,5
353,36.48186292159852,lo_deep_Ask,44.99,44.98,45.0,44.97,0.0,0.0,0.0,0.0,5
354,36.48873146877907,lo_deep_Ask,44.99,44.98,45.0,44.97,0.0,0.0,0.0,0.0,5
355,41.05350113584562,mo_Ask,44.99,44.98,45.0,44.97,0.0,0.0,0.0,0.0,5
356,41.05350722316917,mo_Ask,44.99,44.98,45.0,44.97,0.0,0.0,0.0,0.0,5
357,41.053668497682224,mo_Ask,44.99,44.98,45.0,44.97,0.0,0.0,0.0,0.0,5
358,42.25929347283349,co_deep_Ask,44.99,44.98,45.0,44.97,0.0,0.0,0.0,0.0,5
359,43.332689190133614,lo_top_Ask,44.99,44.98,45.0,44.97,0.0,0.0,0.0,0.0,5
360,43.33274313135905,lo_top_Ask,44.99,44.98,45.0,44.97,0.0,0.0,0.0,0.0,5
361,43.59194314599931,co_top_Bid,44.99,44.97,45.0,44.96,-0.00999999999999801,0.0,-0.00999999999999801,0.0,5
362,43.592113974710216,co_top_Bid,44.99,44.97,45.0,44.96,0.0,0.0,0.0,0.0,5
363,44.37117906702319,co_top_Bid,44.99,44.97,45.0,44.96,0.0,0.0,0.0,0.0,5
364,44.3728767476446,co_top_Bid,44.99,44.96,45.0,44.95,-0.00999999999999801,0.0,-0.00999999999999801,0.0,5
365,44.37296578595067,mo_Bid,44.99,44.96,45.0,44.95,0.0,0.0,0.0,0.0,5
366,44.37302302155072,lo_inspread_Bid,44.99,44.97,45.0,44.96,0.00999999999999801,0.0,0.00999999999999801,0.0,5
367,44.37303908767681,mo_Bid,44.99,44.96,45.0,44.95,-0.00999999999999801,0.0,-0.00999999999999801,0.0,5
368,44.373060508591756,lo_inspread_Bid,44.99,44.97,45.0,44.96,0.00999999999999801,0.0,0.00999999999999801,0.0,5
369,44.37308110685392,lo_inspread_Bid,44.99,44.98,45.0,44.97,0.00999999999999801,0.0,0.00999999999999801,0.0,5
370,44.37316954105074,mo_Bid,44.99,44.98,45.0,44.97,0.0,0.0,0.0,0.0,5
371,44.37318885599497,mo_Bid,44.99,44.98,45.0,44.97,0.0,0.0,0.0,0.0,5
372,44.373291960767475,mo_Bid,44.99,44.97,45.0,44.96,-0.00999999999999801,0.0,-0.00999999999999801,0.0,5
373,44.3733949988096,lo_inspread_Bid,44.99,44.98,45.0,44.97,0.00999999999999801,0.0,0.00999999999999801,0.0,5
374,44.375793211271656,mo_Bid,44.99,44.97,45.0,44.96,-0.00999999999999801,0.0,-0.00999999999999801,0.0,5
375,44.375879256646655,lo_inspread_Bid,44.99,44.98,45.0,44.97,0.00999999999999801,0.0,0.00999999999999801,0.0,5
376,44.37688673931442,mo_Bid,44.99,44.98,45.0,44.97,0.0,0.0,0.0,0.0,5
377,47.133908952134334,co_deep_Ask,44.99,44.98,45.0,44.97,0.0,0.0,0.0,0.0,5
378,47.13415377927916,co_deep_Ask,44.99,44.98,45.01,44.97,0.0,0.0,0.0,0.00999999999999801,5
379,47.13742388523553,co_deep_Ask,44.99,44.98,45.01,44.97,0.0,0.0,0.0,0.0,5
380,47.13760757477714,co_deep_Ask,44.99,44.98,45.01,44.97,0.0,0.0,0.0,0.0,5
381,47.24606472812739,lo_deep_Bid,44.99,44.98,45.01,44.97,0.0,0.0,0.0,0.0,5
382,47.24741300338234,lo_deep_Bid,44.99,44.98,45.01,44.97,0.0,0.0,0.0,0.0,5
383,53.42598878555295,co_top_Bid,44.99,44.97,45.01,44.96,-0.00999999999999801,0.0,-0.00999999999999801,0.0,5
384,53.53788487113205,lo_inspread_Ask,44.98,44.97,44.99,44.96,0.0,-0.010000000000005116,0.0,-0.01999999999999602,5
385,53.53789069949098,co_top_Ask,44.99,44.97,45.0,44.96,0.0,0.010000000000005116,0.0,0.00999999999999801,5
386,53.55346035098836,co_top_Ask,44.99,44.97,45.0,44.96,0.0,0.0,0.0,0.0,5
387,53.55348813044308,co_top_Ask,44.99,44.97,45.0,44.96,0.0,0.0,0.0,0.0,5
388,53.55352692503538,lo_deep_Ask,44.99,44.97,45.0,44.96,0.0,0.0,0.0,0.0,5
389,53.55468549557903,lo_deep_Ask,44.99,44.97,45.0,44.96,0.0,0.0,0.0,0.0,5
390,53.55469995178674,lo_deep_Ask,44.99,44.97,45.0,44.96,0.0,0.0,0.0,0.0,5
391,53.554863368989075,co_deep_Ask,44.99,44.97,45.0,44.96,0.0,0.0,0.0,0.0,5
392,53.5551332621329,co_deep_Ask,44.99,44.97,45.0,44.96,0.0,0.0,0.0,0.0,5
393,53.55590053882808,lo_inspread_Ask,44.98,44.97,44.99,44.96,0.0,-0.010000000000005116,0.0,-0.00999999999999801,5
394,53.57820819704494,co_deep_Ask,44.98,44.97,45.0,44.96,0.0,0.0,0.0,0.00999999999999801,5
395,53.57884726115405,mo_Ask,45.0,44.97,45.01,44.96,0.0,0.020000000000003126,0.0,0.00999999999999801,5
396,54.03184914543225,lo_inspread_Ask,44.99,44.97,45.0,44.96,0.0,-0.00999999999999801,0.0,-0.00999999999999801,5
397,54.031963174575004,lo_top_Bid,44.99,44.97,45.0,44.96,0.0,0.0,0.0,0.0,5
398,54.03857726176208,lo_inspread_Ask,44.98,44.97,44.99,44.96,0.0,-0.010000000000005116,0.0,-0.00999999999999801,5
399,54.9277383548123,mo_Ask,44.99,44.97,45.0,44.96,0.0,0.010000000000005116,0.0,0.00999999999999801,5
400,54.93122529878785,mo_Ask,44.99,44.97,45.0,44.96,0.0,0.0,0.0,0.0,5
401,54.931576343241545,lo_inspread_Ask,44.98,44.97,44.99,44.96,0.0,-0.010000000000005116,0.0,-0.00999999999999801,5
402,54.93477840358461,mo_Ask,44.99,44.97,45.0,44.96,0.0,0.010000000000005116,0.0,0.00999999999999801,5
403,54.93492597567393,lo_inspread_Ask,44.98,44.97,44.99,44.96,0.0,-0.010000000000005116,0.0,-0.00999999999999801,5
404,54.9612879050323,mo_Ask,44.99,44.97,45.0,44.96,0.0,0.010000000000005116,0.0,0.00999999999999801,5
405,54.96133019517624,lo_inspread_Ask,44.98,44.97,44.99,44.96,0.0,-0.010000000000005116,0.0,-0.00999999999999801,5
406,60.35374978123281,co_top_Bid,44.98,44.97,44.99,44.96,0.0,0.0,0.0,0.0,5
407,60.35396599053907,lo_top_Bid,44.98,44.97,44.99,44.96,0.0,0.0,0.0,0.0,5
408,60.35396736685683,lo_top_Bid,44.98,44.97,44.99,44.96,0.0,0.0,0.0,0.0,5
409,60.353971339661435,co_deep_Bid,44.98,44.97,44.99,44.96,0.0,0.0,0.0,0.0,5
410,60.353978956396965,lo_top_Bid,44.98,44.97,44.99,44.96,0.0,0.0,0.0,0.0,5
411,60.35425250050626,co_top_Bid,44.98,44.97,44.99,44.96,0.0,0.0,0.0,0.0,5
412,60.3543167232718,co_deep_Bid,44.98,44.97,44.99,44.96,0.0,0.0,0.0,0.0,5
413,60.35460868193829,lo_top_Bid,44.98,44.97,44.99,44.96,0.0,0.0,0.0,0.0,5
414,60.35486688820485,lo_top_Bid,44.98,44.97,44.99,44.96,0.0,0.0,0.0,0.0,5
415,60.35500948677406,lo_top_Bid,44.98,44.97,44.99,44.96,0.0,0.0,0.0,0.0,5
416,60.35697312510054,co_top_Bid,44.98,44.97,44.99,44.96,0.0,0.0,0.0,0.0,5
417,60.357032789519614,co_top_Bid,44.98,44.97,44.99,44.96,0.0,0.0,0.0,0.0,5
418,60.35884216341146,lo_top_Bid,44.98,44.97,44.99,44.96,0.0,0.0,0.0,0.0,5
419,60.35898882223655,co_top_Bid,44.98,44.97,44.99,44.96,0.0,0.0,0.0,0.0,5
420,60.35905347185174,co_top_Bid,44.98,44.97,44.99,44.96,0.0,0.0,0.0,0.0,5
421,60.359378956653764,co_top_Bid,44.98,44.97,44.99,44.96,0.0,0.0,0.0,0.0,5
422,60.35945627637028,co_top_Bid,44.98,44.97,44.99,44.96,0.0,0.0,0.0,0.0,5
423,60.35954487204514,mo_Bid,44.98,44.97,44.99,44.96,0.0,0.0,0.0,0.0,5
424,60.36037429358127,co_top_Bid,44.98,44.97,44.99,44.96,0.0,0.0,0.0,0.0,5
425,60.360418850829,co_top_Bid,44.98,44.97,44.99,44.96,0.0,0.0,0.0,0.0,5
426,60.36046666103518,co_top_Bid,44.98,44.96,44.99,44.95,-0.00999999999999801,0.0,-0.00999999999999801,0.0,5
427,60.36105166315716,lo_top_Bid,44.98,44.96,44.99,44.95,0.0,0.0,0.0,0.0,5
428,60.36138080172662,lo_top_Bid,44.98,44.96,44.99,44.95,0.0,0.0,0.0,0.0,5
429,60.36198446169066,co_deep_Bid,44.98,44.96,44.99,44.95,0.0,0.0,0.0,0.0,5
430,60.36200049140964,lo_top_Bid,44.98,44.96,44.99,44.95,0.0,0.0,0.0,0.0,5
431,60.36226599777025,lo_top_Bid,44.98,44.96,44.99,44.95,0.0,0.0,0.0,0.0,5
432,60.36237732295442,co_top_Bid,44.98,44.96,44.99,44.95,0.0,0.0,0.0,0.0,5
433,60.36258410435885,lo_top_Bid,44.98,44.96,44.99,44.95,0.0,0.0,0.0,0.0,5
434,60.36261776106642,lo_top_Bid,44.98,44.96,44.99,44.95,0.0,0.0,0.0,0.0,5
435,60.3626586652856,co_top_Bid,44.98,44.96,44.99,44.95,0.0,0.0,0.0,0.0,5
436,60.36274818990905,co_top_Bid,44.98,44.96,44.99,44.95,0.0,0.0,0.0,0.0,5
437,60.362786775533365,lo_top_Bid,44.98,44.96,44.99,44.95,0.0,0.0,0.0,0.0,5
438,60.36280888330111,co_deep_Bid,44.98,44.96,44.99,44.95,0.0,0.0,0.0,0.0,5
439,60.36299525853785,co_deep_Bid,44.98,44.96,44.99,44.95,0.0,0.0,0.0,0.0,5
440,60.36307185418311,lo_deep_Bid,44.98,44.96,44.99,44.95,0.0,0.0,0.0,0.0,5
441,60.36324890078028,lo_deep_Bid,44.98,44.96,44.99,44.95,0.0,0.0,0.0,0.0,5
442,60.363667049821096,lo_top_Bid,44.98,44.96,44.99,44.95,0.0,0.0,0.0,0.0,5
443,60.363779597470064,co_top_Bid,44.98,44.96,44.99,44.95,0.0,0.0,0.0,0.0,5
444,60.36417442525676,co_top_Bid,44.98,44.96,44.99,44.95,0.0,0.0,0.0,0.0,5
445,60.36423218291442,lo_top_Bid,44.98,44.96,44.99,44.95,0.0,0.0,0.0,0.0,5
446,60.36436608607543,co_top_Bid,44.98,44.96,44.99,44.95,0.0,0.0,0.0,0.0,5
447,60.36581776582557,lo_top_Bid,44.98,44.96,44.99,44.95,0.0,0.0,0.0,0.0,5
448,60.36590422382675,co_deep_Bid,44.98,44.96,44.99,44.95,0.0,0.0,0.0,0.0,5
449,60.36602655458089,lo_top_Bid,44.98,44.96,44.99,44.95,0.0,0.0,0.0,0.0,5
450,60.366088149548226,co_top_Bid,44.98,44.96,44.99,44.95,0.0,0.0,0.0,0.0,5
451,60.366177737720115,lo_top_Bid,44.98,44.96,44.99,44.95,0.0,0.0,0.0,0.0,5
452,60.36618887320758,co_deep_Bid,44.98,44.96,44.99,44.95,0.0,0.0,0.0,0.0,5
453,60.366191196726305,co_deep_Bid,44.98,44.96,44.99,44.95,0.0,0.0,0.0,0.0,5
454,60.366213591992164,lo_top_Bid,44.98,44.96,44.99,44.95,0.0,0.0,0.0,0.0,5
455,60.36622221475296,co_top_Bid,44.98,44.96,44.99,44.95,0.0,0.0,0.0,0.0,5
456,60.36633612950023,co_top_Bid,44.98,44.96,44.99,44.95,0.0,0.0,0.0,0.0,5
457,60.36637442969803,co_deep_Bid,44.98,44.96,44.99,44.95,0.0,0.0,0.0,0.0,5
458,60.36641935932736,lo_top_Bid,44.98,44.96,44.99,44.95,0.0,0.0,0.0,0.0,5
459,60.3665087501556,lo_top_Bid,44.98,44.96,44.99,44.95,0.0,0.0,0.0,0.0,5
460,60.36661381413632,co_deep_Bid,44.98,44.96,44.99,44.95,0.0,0.0,0.0,0.0,5
461,60.36736009342707,co_deep_Bid,44.98,44.96,44.99,44.95,0.0,0.0,0.0,0.0,5
462,60.36962606473634,co_top_Bid,44.98,44.96,44.99,44.95,0.0,0.0,0.0,0.0,5
463,60.376994450546476,co_top_Bid,44.98,44.96,44.99,44.95,0.0,0.0,0.0,0.0,5
464,60.38704133193409,mo_Bid,44.98,44.96,44.99,44.95,0.0,0.0,0.0,0.0,5
465,60.387083349663605,mo_Bid,44.98,44.96,44.99,44.95,0.0,0.0,0.0,0.0,5
466,60.38713281821552,mo_Bid,44.98,44.96,44.99,44.95,0.0,0.0,0.0,0.0,5
467,60.3871659055072,lo_inspread_Bid,44.98,44.97,44.99,44.96,0.00999999999999801,0.0,0.00999999999999801,0.0,5
468,60.38815592807353,mo_Bid,44.98,44.96,44.99,44.95,-0.00999999999999801,0.0,-0.00999999999999801,0.0,5
469,60.38858313303887,lo_top_Bid,44.98,44.96,44.99,44.95,0.0,0.0,0.0,0.0,5
470,60.388697915628576,co_deep_Bid,44.98,44.96,44.99,44.95,0.0,0.0,0.0,0.0,5
471,60.38880055671075,co_deep_Bid,44.98,44.96,44.99,44.95,0.0,0.0,0.0,0.0,5
472,60.38898708559932,co_deep_Bid,44.98,44.96,44.99,44.95,0.0,0.0,0.0,0.0,5
473,60.38908050104724,co_deep_Bid,44.98,44.96,44.99,44.95,0.0,0.0,0.0,0.0,5
474,60.38909279376823,co_deep_Bid,44.98,44.96,44.99,44.95,0.0,0.0,0.0,0.0,5
475,60.389110482570516,lo_deep_Bid,44.98,44.96,44.99,44.95,0.0,0.0,0.0,0.0,5
476,60.38911734319085,co_deep_Bid,44.98,44.96,44.99,44.95,0.0,0.0,0.0,0.0,5
477,60.38915474607593,lo_deep_Bid,44.98,44.96,44.99,44.95,0.0,0.0,0.0,0.0,5
478,60.389171623446906,lo_deep_Bid,44.98,44.96,44.99,44.95,0.0,0.0,0.0,0.0,5
479,60.390132961052494,lo_top_Bid,44.98,44.96,44.99,44.95,0.0,0.0,0.0,0.0,5
480,60.39032033787881,lo_top_Bid,44.98,44.96,44.99,44.95,0.0,0.0,0.0,0.0,5
481,60.39041849293353,lo_top_Bid,44.98,44.96,44.99,44.95,0.0,0.0,0.0,0.0,5
482,60.390520850023286,lo_inspread_Bid,44.98,44.97,44.99,44.96,0.00999999999999801,0.0,0.00999999999999801,0.0,5
483,60.39306077647268,mo_Bid,44.98,44.96,44.99,44.95,-0.00999999999999801,0.0,-0.00999999999999801,0.0,5
484,60.39308830005681,lo_inspread_Bid,44.98,44.97,44.99,44.96,0.00999999999999801,0.0,0.00999999999999801,0.0,5
485,60.394349822014284,lo_top_Bid,44.98,44.97,44.99,44.96,0.0,0.0,0.0,0.0,5
486,60.398365773003015,lo_top_Bid,44.98,44.97,44.99,44.96,0.0,0.0,0.0,0.0,5
487,60.403048349836595,lo_top_Ask,44.98,44.97,44.99,44.96,0.0,0.0,0.0,0.0,5
488,60.40700883621897,lo_top_Bid,44.98,44.97,44.99,44.96,0.0,0.0,0.0,0.0,5
489,60.407287155799445,lo_top_Bid,44.98,44.97,44.99,44.96,0.0,0.0,0.0,0.0,5
490,60.40730290684771,lo_top_Bid,44.98,44.97,44.99,44.96,0.0,0.0,0.0,0.0,5
491,60.40749002350654,lo_top_Bid,44.98,44.97,44.99,44.96,0.0,0.0,0.0,0.0,5
492,60.40856300851899,lo_top_Bid,44.98,44.97,44.99,44.96,0.0,0.0,0.0,0.0,5
493,60.408651385428485,co_top_Bid,44.98,44.97,44.99,44.96,0.0,0.0,0.0,0.0,5
494,60.52043336232585,lo_top_Bid,44.98,44.97,44.99,44.96,0.0,0.0,0.0,0.0,5
495,60.67349310167895,co_deep_Bid,44.98,44.97,44.99,44.96,0.0,0.0,0.0,0.0,5
496,60.673601545886015,lo_top_Bid,44.98,44.97,44.99,44.96,0.0,0.0,0.0,0.0,5
497,60.674364517045085,co_deep_Bid,44.98,44.97,44.99,44.96,0.0,0.0,0.0,0.0,5
498,60.67436966922708,co_deep_Bid,44.98,44.97,44.99,44.96,0.0,0.0,0.0,0.0,5
499,60.67442238557776,co_top_Ask,44.98,44.97,44.99,44.96,0.0,0.0,0.0,0.0,5
500,60.67451814393978,co_top_Ask,44.99,44.97,45.0,44.96,0.0,0.010000000000005116,0.0,0.00999999999999801,5
501,60.67460967245259,lo_inspread_Ask,44.98,44.97,44.99,44.96,0.0,-0.010000000000005116,0.0,-0.00999999999999801,5
502,60.67462990644423,co_deep_Bid,44.98,44.97,44.99,44.96,0.0,0.0,0.0,0.0,5
503,60.67466217767269,lo_top_Bid,44.98,44.97,44.99,44.96,0.0,0.0,0.0,0.0,5
504,60.67476435911341,co_deep_Bid,44.98,44.97,44.99,44.96,0.0,0.0,0.0,0.0,5
505,60.67480991646115,lo_top_Bid,44.98,44.97,44.99,44.96,0.0,0.0,0.0,0.0,5
506,60.67481191471382,co_deep_Bid,44.98,44.97,44.99,44.96,0.0,0.0,0.0,0.0,5
507,60.67483075906725,co_deep_Bid,44.98,44.97,44.99,44.96,0.0,0.0,0.0,0.0,5
508,60.67488353258403,lo_deep_Bid,44.98,44.97,44.99,44.96,0.0,0.0,0.0,0.0,5
509,60.67619660423105,co_deep_Bid,44.98,44.97,44.99,44.96,0.0,0.0,0.0,0.0,5
510,60.67623880758989,lo_top_Bid,44.98,44.97,44.99,44.96,0.0,0.0,0.0,0.0,5
511,60.679406331459106,co_top_Ask,44.99,44.97,45.0,44.96,0.0,0.010000000000005116,0.0,0.00999999999999801,5
512,60.67985100131532,co_top_Ask,45.0,44.97,45.01,44.96,0.0,0.00999999999999801,0.0,0.00999999999999801,5
513,60.68030278789917,lo_inspread_Ask,44.99,44.97,45.0,44.96,0.0,-0.00999999999999801,0.0,-0.00999999999999801,5
514,60.68049704434388,lo_inspread_Ask,44.98,44.97,44.99,44.96,0.0,-0.010000000000005116,0.0,-0.00999999999999801,5
515,60.680906070392425,mo_Ask,44.99,44.97,45.0,44.96,0.0,0.010000000000005116,0.0,0.00999999999999801,5
516,60.69634428819744,lo_inspread_Ask,44.98,44.97,44.99,44.96,0.0,-0.010000000000005116,0.0,-0.00999999999999801,5
517,60.71812493388588,lo_top_Bid,44.98,44.97,44.99,44.96,0.0,0.0,0.0,0.0,5
518,60.718410105881716,lo_top_Bid,44.98,44.97,44.99,44.96,0.0,0.0,0.0,0.0,5
519,60.71858432823365,lo_top_Bid,44.98,44.97,44.99,44.96,0.0,0.0,0.0,0.0,5
520,60.7186400057138,co_deep_Bid,44.98,44.97,44.99,44.95,0.0,0.0,-0.00999999999999801,0.0,5
521,60.71875468104937,lo_top_Bid,44.98,44.97,44.99,44.95,0.0,0.0,0.0,0.0,5
522,60.71902753470549,lo_top_Bid,44.98,44.97,44.99,44.95,0.0,0.0,0.0,0.0,5
523,60.719059154792504,lo_top_Bid,44.98,44.97,44.99,44.95,0.0,0.0,0.0,0.0,5
524,60.719250256476975,lo_top_Bid,44.98,44.97,44.99,44.95,0.0,0.0,0.0,0.0,5
525,60.71927301329582,co_deep_Bid,44.98,44.97,44.99,44.95,0.0,0.0,0.0,0.0,5
526,60.7194015975465,lo_deep_Bid,44.98,44.97,44.99,44.95,0.0,0.0,0.0,0.0,5
527,60.71966129447491,lo_top_Bid,44.98,44.97,44.99,44.95,0.0,0.0,0.0,0.0,5
528,60.72002962633745,lo_top_Bid,44.98,44.97,44.99,44.95,0.0,0.0,0.0,0.0,5
529,60.72060428789319,lo_top_Bid,44.98,44.97,44.99,44.95,0.0,0.0,0.0,0.0,5
530,60.72483395375889,lo_top_Bid,44.98,44.97,44.99,44.95,0.0,0.0,0.0,0.0,5
531,65.6625806256097,mo_Bid,44.98,44.97,44.99,44.95,0.0,0.0,0.0,0.0,5
532,67.52787582557495,co_top_Ask,44.99,44.97,45.0,44.95,0.0,0.010000000000005116,0.0,0.00999999999999801,5
533,68.06532055934298,lo_inspread_Bid,44.99,44.98,45.0,44.97,0.00999999999999801,0.0,0.01999999999999602,0.0,5
534,68.65699179721847,lo_deep_Ask,44.99,44.98,45.0,44.97,0.0,0.0,0.0,0.0,5
535,68.657036767738,lo_deep_Ask,44.99,44.98,45.0,44.97,0.0,0.0,0.0,0.0,5
536,68.81646457577753,mo_Ask,45.0,44.98,45.01,44.97,0.0,0.00999999999999801,0.0,0.00999999999999801,5
537,68.81700634790397,mo_Ask,45.0,44.98,45.01,44.97,0.0,0.0,0.0,0.0,5
538,68.81794565311621,lo_inspread_Bid,45.0,44.99,45.01,44.98,0.010000000000005116,0.0,0.00999999999999801,0.0,5
539,69.24179915927525,lo_top_Bid,45.0,44.99,45.01,44.98,0.0,0.0,0.0,0.0,5
540,69.25637671356382,lo_top_Bid,45.0,44.99,45.01,44.98,0.0,0.0,0.0,0.0,5
541,69.27743608813661,lo_top_Bid,45.0,44.99,45.01,44.98,0.0,0.0,0.0,0.0,5
542,69.27797455645529,lo_top_Bid,45.0,44.99,45.01,44.98,0.0,0.0,0.0,0.0,5
543,70.11796762529416,lo_deep_Ask,45.0,44.99,45.01,44.98,0.0,0.0,0.0,0.0,5
544,70.11805714848495,lo_deep_Ask,45.0,44.99,45.01,44.98,0.0,0.0,0.0,0.0,5
545,70.14410851360726,lo_deep_Ask,45.0,44.99,45.01,44.98,0.0,0.0,0.0,0.0,5
546,70.14453145691449,co_deep_Ask,45.0,44.99,45.01,44.98,0.0,0.0,0.0,0.0,5
547,70.14566181421088,lo_deep_Ask,45.0,44.99,45.01,44.98,0.0,0.0,0.0,0.0,5
548,70.1482799547024,lo_deep_Ask,45.0,44.99,45.01,44.98,0.0,0.0,0.0,0.0,5
549,73.78625805532367,lo_deep_Ask,45.0,44.99,45.01,44.98,0.0,0.0,0.0,0.0,5
550,73.78628889398965,lo_deep_Ask,45.0,44.99,45.01,44.98,0.0,0.0,0.0,0.0,5
551,73.78749515060449,mo_Ask,45.0,44.99,45.01,44.98,0.0,0.0,0.0,0.0,5
552,73.78752931431936,mo_Ask,45.0,44.99,45.01,44.98,0.0,0.0,0.0,0.0,5
553,73.7878375985644,mo_Ask,45.0,44.99,45.01,44.98,0.0,0.0,0.0,0.0,5
554,73.79468854734863,mo_Bid,45.0,44.99,45.01,44.98,0.0,0.0,0.0,0.0,5
555,75.27656784583273,co_top_Bid,45.0,44.99,45.01,44.98,0.0,0.0,0.0,0.0,5
556,75.2766150469852,mo_Bid,45.0,44.99,45.01,44.98,0.0,0.0,0.0,0.0,5
557,75.32653858874318,co_top_Ask,45.0,44.99,45.01,44.98,0.0,0.0,0.0,0.0,5
558,76.58849063725685,lo_deep_Ask,45.0,44.99,45.01,44.98,0.0,0.0,0.0,0.0,5
559,76.5902551658307,lo_deep_Ask,45.0,44.99,45.01,44.98,0.0,0.0,0.0,0.0,5
560,76.59027855096555,co_top_Ask,45.0,44.99,45.01,44.98,0.0,0.0,0.0,0.0,5
561,76.59039958283876,co_top_Ask,45.0,44.99,45.01,44.98,0.0,0.0,0.0,0.0,5
562,76.59045355028962,co_top_Ask,45.0,44.99,45.01,44.98,0.0,0.0,0.0,0.0,5
563,76.59051954257323,co_top_Ask,45.0,44.99,45.01,44.98,0.0,0.0,0.0,0.0,5
564,79.37989433049755,lo_deep_Ask,45.0,44.99,45.01,44.98,0.0,0.0,0.0,0.0,5
565,79.38126809022019,mo_Ask,45.01,44.99,45.02,44.98,0.0,0.00999999999999801,0.0,0.010000000000005116,5
566,80.32775332520512,lo_inspread_Bid,45.01,45.0,45.02,44.99,0.00999999999999801,0.0,0.010000000000005116,0.0,5
567,83.61601806183788,co_deep_Ask,45.01,45.0,45.02,44.99,0.0,0.0,0.0,0.0,5
568,83.61614455728774,co_deep_Ask,45.01,45.0,45.02,44.99,0.0,0.0,0.0,0.0,5
569,83.65011661077494,co_deep_Ask,45.01,45.0,45.02,44.99,0.0,0.0,0.0,0.0,5
570,83.6501628558631,mo_Ask,45.01,45.0,45.02,44.99,0.0,0.0,0.0,0.0,5
571,83.65062351855264,mo_Ask,45.01,45.0,45.02,44.99,0.0,0.0,0.0,0.0,5
572,83.68480963623561,co_deep_Ask,45.01,45.0,45.02,44.99,0.0,0.0,0.0,0.0,5
573,83.68504169942662,co_deep_Ask,45.01,45.0,45.02,44.99,0.0,0.0,0.0,0.0,5
574,83.6851717514181,co_deep_Ask,45.01,45.0,45.02,44.99,0.0,0.0,0.0,0.0,5
575,83.68519831322507,lo_deep_Ask,45.01,45.0,45.02,44.99,0.0,0.0,0.0,0.0,5
576,83.68521274533367,co_deep_Ask,45.01,45.0,45.02,44.99,0.0,0.0,0.0,0.0,5
577,83.68526728546811,lo_deep_Ask,45.01,45.0,45.02,44.99,0.0,0.0,0.0,0.0,5
578,83.6852975505977,co_deep_Ask,45.01,45.0,45.02,44.99,0.0,0.0,0.0,0.0,5
579,83.68555553455003,lo_deep_Ask,45.01,45.0,45.02,44.99,0.0,0.0,0.0,0.0,5
580,83.68555910265779,co_deep_Ask,45.01,45.0,45.02,44.99,0.0,0.0,0.0,0.0,5
581,83.68617627997385,lo_deep_Ask,45.01,45.0,45.02,44.99,0.0,0.0,0.0,0.0,5
582,83.68682194580603,co_deep_Ask,45.01,45.0,45.02,44.99,0.0,0.0,0.0,0.0,5
583,83.6941587002164,co_deep_Ask,45.01,45.0,45.02,44.99,0.0,0.0,0.0,0.0,5
584,84.04465162536633,co_deep_Ask,45.01,45.0,45.02,44.99,0.0,0.0,0.0,0.0,5
585,85.22476620645863,co_top_Ask,45.01,45.0,45.02,44.99,0.0,0.0,0.0,0.0,5
586,87.67126184317746,co_top_Ask,45.01,45.0,45.02,44.99,0.0,0.0,0.0,0.0,5
587,87.67137492522744,co_top_Ask,45.01,45.0,45.02,44.99,0.0,0.0,0.0,0.0,5
588,87.67137815873362,lo_deep_Ask,45.01,45.0,45.02,44.99,0.0,0.0,0.0,0.0,5
589,87.67168608286148,lo_deep_Ask,45.01,45.0,45.02,44.99,0.0,0.0,0.0,0.0,5
590,87.67173190014286,co_top_Bid,45.01,44.99,45.02,44.98,-0.00999999999999801,0.0,-0.010000000000005116,0.0,5
591,87.67175192656606,lo_deep_Ask,45.01,44.99,45.02,44.98,0.0,0.0,0.0,0.0,5
592,87.67179968775318,co_top_Bid,45.01,44.98,45.02,44.97,-0.010000000000005116,0.0,-0.00999999999999801,0.0,5
593,87.67194675898092,mo_Bid,45.01,44.97,45.02,44.96,-0.00999999999999801,0.0,-0.00999999999999801,0.0,5
594,87.67195744047312,mo_Bid,45.01,44.97,45.02,44.96,0.0,0.0,0.0,0.0,5
595,87.6720264105391,lo_deep_Ask,45.01,44.97,45.02,44.96,0.0,0.0,0.0,0.0,5
596,87.67205554519249,lo_inspread_Bid,45.01,44.98,45.02,44.97,0.00999999999999801,0.0,0.00999999999999801,0.0,5
597,87.67206265592063,lo_inspread_Bid,45.01,44.99,45.02,44.98,0.010000000000005116,0.0,0.00999999999999801,0.0,5
598,87.6720794047569,co_deep_Ask,45.01,44.99,45.02,44.98,0.0,0.0,0.0,0.0,5
599,87.67216143472332,mo_Bid,45.01,44.98,45.02,44.97,-0.010000000000005116,0.0,-0.00999999999999801,0.0,5
600,87.67222550410736,co_deep_Ask,45.01,44.98,45.02,44.97,0.0,0.0,0.0,0.0,5
601,87.67243883125781,lo_inspread_Bid,45.01,44.99,45.02,44.98,0.010000000000005116,0.0,0.00999999999999801,0.0,5
602,87.67258621507968,mo_Bid,45.01,44.98,45.02,44.97,-0.010000000000005116,0.0,-0.00999999999999801,0.0,5
603,87.67261914078472,lo_inspread_Bid,45.01,44.99,45.02,44.98,0.010000000000005116,0.0,0.00999999999999801,0.0,5
604,87.67278347508383,lo_deep_Ask,45.01,44.99,45.02,44.98,0.0,0.0,0.0,0.0,5
605,87.67294525078177,lo_deep_Ask,45.01,44.99,45.02,44.98,0.0,0.0,0.0,0.0,5
606,87.67306518094307,lo_deep_Ask,45.01,44.99,45.02,44.98,0.0,0.0,0.0,0.0,5
607,87.67308569683378,lo_deep_Ask,45.01,44.99,45.02,44.98,0.0,0.0,0.0,0.0,5
608,87.67321034068111,mo_Bid,45.01,44.98,45.02,44.97,-0.010000000000005116,0.0,-0.00999999999999801,0.0,5
609,87.67322024263895,lo_inspread_Bid,45.01,44.99,45.02,44.98,0.010000000000005116,0.0,0.00999999999999801,0.0,5
610,87.6732228852101,co_deep_Ask,45.01,44.99,45.02,44.98,0.0,0.0,0.0,0.0,5
611,87.67324065720354,co_deep_Ask,45.01,44.99,45.02,44.98,0.0,0.0,0.0,0.0,5
612,87.67324391443272,lo_inspread_Bid,45.01,45.0,45.02,44.99,0.00999999999999801,0.0,0.010000000000005116,0.0,5
613,87.67326599773918,lo_deep_Ask,45.01,45.0,45.02,44.99,0.0,0.0,0.0,0.0,5
614,87.67326761664128,co_deep_Ask,45.01,45.0,45.02,44.99,0.0,0.0,0.0,0.0,5
615,87.67329517798917,co_deep_Ask,45.01,45.0,45.02,44.99,0.0,0.0,0.0,0.0,5
616,87.67330743165375,lo_deep_Ask,45.01,45.0,45.02,44.99,0.0,0.0,0.0,0.0,5
617,87.67339635252031,mo_Bid,45.01,44.99,45.02,44.98,-0.00999999999999801,0.0,-0.010000000000005116,0.0,5
618,87.67355956024599,lo_top_Bid,45.01,44.99,45.02,44.98,0.0,0.0,0.0,0.0,5
619,87.6735794759808,co_top_Ask,45.01,44.99,45.02,44.98,0.0,0.0,0.0,0.0,5
620,87.6735839273563,co_deep_Ask,45.01,44.99,45.02,44.98,0.0,0.0,0.0,0.0,5
621,87.6736729946446,co_top_Ask,45.01,44.99,45.02,44.98,0.0,0.0,0.0,0.0,5
622,87.67380472134855,co_top_Ask,45.01,44.99,45.02,44.98,0.0,0.0,0.0,0.0,5
623,87.6738184911887,co_top_Ask,45.01,44.99,45.02,44.98,0.0,0.0,0.0,0.0,5
624,87.67384785101332,mo_Bid,45.01,44.99,45.02,44.98,0.0,0.0,0.0,0.0,5
625,87.6739334108568,lo_deep_Ask,45.01,44.99,45.02,44.98,0.0,0.0,0.0,0.0,5
626,87.67410026445133,co_top_Ask,45.01,44.99,45.02,44.98,0.0,0.0,0.0,0.0,5
627,87.67413351495227,co_top_Ask,45.01,44.99,45.02,44.98,0.0,0.0,0.0,0.0,5
628,87.67464514960379,lo_inspread_Bid,45.01,45.0,45.02,44.99,0.00999999999999801,0.0,0.010000000000005116,0.0,5
629,87.6751370682243,lo_deep_Ask,45.01,45.0,45.02,44.99,0.0,0.0,0.0,0.0,5
630,87.67590225308062,mo_Bid,45.01,45.0,45.02,44.99,0.0,0.0,0.0,0.0,5
631,87.68526709333712,co_deep_Ask,45.01,45.0,45.02,44.99,0.0,0.0,0.0,0.0,5
632,87.68538839095153,co_top_Ask,45.01,45.0,45.02,44.99,0.0,0.0,0.0,0.0,5
633,87.68635909521446,lo_top_Bid,45.01,45.0,45.02,44.99,0.0,0.0,0.0,0.0,5
634,87.68676372815642,lo_top_Bid,45.01,45.0,45.02,44.99,0.0,0.0,0.0,0.0,5
635,87.68677519226658,lo_top_Bid,45.01,45.0,45.02,44.99,0.0,0.0,0.0,0.0,5
636,87.68678664457083,co_deep_Bid,45.01,45.0,45.02,44.98,0.0,0.0,-0.010000000000005116,0.0,5
637,87.68678674457082,lo_top_Bid,45.01,45.0,45.02,44.98,0.0,0.0,0.0,0.0,5
638,87.68698116441892,lo_top_Bid,45.01,45.0,45.02,44.98,0.0,0.0,0.0,0.0,5
639,87.68709865104015,lo_top_Bid,45.01,45.0,45.02,44.98,0.0,0.0,0.0,0.0,5
640,87.68710601141485,co_top_Bid,45.01,45.0,45.02,44.98,0.0,0.0,0.0,0.0,5
641,87.68720562663844,co_top_Bid,45.01,45.0,45.02,44.98,0.0,0.0,0.0,0.0,5
642,87.68720593898098,lo_top_Bid,45.01,45.0,45.02,44.98,0.0,0.0,0.0,0.0,5
643,87.68723247497064,lo_top_Bid,45.01,45.0,45.02,44.98,0.0,0.0,0.0,0.0,5
644,87.68740865352318,lo_top_Bid,45.01,45.0,45.02,44.98,0.0,0.0,0.0,0.0,5
645,87.68741322787007,lo_top_Bid,45.01,45.0,45.02,44.98,0.0,0.0,0.0,0.0,5
646,87.6874583227142,lo_top_Bid,45.01,45.0,45.02,44.98,0.0,0.0,0.0,0.0,5
647,87.68748767272916,co_top_Bid,45.01,45.0,45.02,44.98,0.0,0.0,0.0,0.0,5
648,87.68751672641488,co_deep_Bid,45.01,45.0,45.02,44.98,0.0,0.0,0.0,0.0,5
649,87.68754960993128,co_deep_Bid,45.01,45.0,45.02,44.98,0.0,0.0,0.0,0.0,5
650,87.6875886563827,lo_top_Bid,45.01,45.0,45.02,44.98,0.0,0.0,0.0,0.0,5
651,87.68759780873162,co_top_Bid,45.01,45.0,45.02,44.98,0.0,0.0,0.0,0.0,5
652,87.68761058188439,co_top_Bid,45.01,45.0,45.02,44.98,0.0,0.0,0.0,0.0,5
653,87.68763374671862,co_top_Bid,45.01,45.0,45.02,44.98,0.0,0.0,0.0,0.0,5
654,87.68776062616634,lo_top_Bid,45.01,45.0,45.02,44.98,0.0,0.0,0.0,0.0,5
655,87.68798994525548,lo_top_Bid,45.01,45.0,45.02,44.98,0.0,0.0,0.0,0.0,5
656,87.68803230827243,lo_top_Bid,45.01,45.0,45.02,44.98,0.0,0.0,0.0,0.0,5
657,87.6880729862608,lo_top_Bid,45.01,45.0,45.02,44.98,0.0,0.0,0.0,0.0,5
658,87.68807617884124,co_deep_Bid,45.01,45.0,45.02,44.98,0.0,0.0,0.0,0.0,5
659,87.6881387916859,co_deep_Bid,45.01,45.0,45.02,44.98,0.0,0.0,0.0,0.0,5
660,87.68814537755868,co_top_Bid,45.01,45.0,45.02,44.98,0.0,0.0,0.0,0.0,5
661,87.68814639195514,lo_deep_Bid,45.01,45.0,45.02,44.98,0.0,0.0,0.0,0.0,5
662,87.6881475347155,lo_top_Bid,45.01,45.0,45.02,44.98,0.0,0.0,0.0,0.0,5
663,87.68817744408136,lo_top_Bid,45.01,45.0,45.02,44.98,0.0,0.0,0.0,0.0,5
664,87.6882662802736,lo_top_Bid,45.01,45.0,45.02,44.98,0.0,0.0,0.0,0.0,5
665,87.68827272505112,co_deep_Bid,45.01,45.0,45.02,44.98,0.0,0.0,0.0,0.0,5
666,87.68827867955491,co_deep_Bid,45.01,45.0,45.02,44.98,0.0,0.0,0.0,0.0,5
667,87.68828864715076,co_top_Bid,45.01,45.0,45.02,44.98,0.0,0.0,0.0,0.0,5
668,87.68829814411896,lo_deep_Bid,45.01,45.0,45.02,44.98,0.0,0.0,0.0,0.0,5
669,87.68837134343507,co_deep_Bid,45.01,45.0,45.02,44.98,0.0,0.0,0.0,0.0,5
670,87.68840341687606,co_top_Bid,45.01,45.0,45.02,44.98,0.0,0.0,0.0,0.0,5
671,87.6884426696566,co_top_Bid,45.01,45.0,45.02,44.98,0.0,0.0,0.0,0.0,5
672,87.68850824398599,mo_Bid,45.01,45.0,45.02,44.98,0.0,0.0,0.0,0.0,5
673,87.68872206498997,co_top_Bid,45.01,45.0,45.02,44.98,0.0,0.0,0.0,0.0,5
674,87.6887825033727,co_top_Bid,45.01,45.0,45.02,44.98,0.0,0.0,0.0,0.0,5
675,87.6887946703744,mo_Bid,45.01,45.0,45.02,44.98,0.0,0.0,0.0,0.0,5
676,87.68884614694664,co_top_Bid,45.01,45.0,45.02,44.98,0.0,0.0,0.0,0.0,5
677,87.68893819958686,co_top_Bid,45.01,45.0,45.02,44.98,0.0,0.0,0.0,0.0,5
678,87.68894552141235,lo_top_Bid,45.01,45.0,45.02,44.98,0.0,0.0,0.0,0.0,5
679,87.68894914109495,co_top_Bid,45.01,45.0,45.02,44.98,0.0,0.0,0.0,0.0,5
680,87.68896826564301,co_top_Bid,45.01,45.0,45.02,44.98,0.0,0.0,0.0,0.0,5
681,87.68897106515725,lo_top_Bid,45.01,45.0,45.02,44.98,0.0,0.0,0.0,0.0,5
682,87.68901890432419,lo_top_Bid,45.01,45.0,45.02,44.98,0.0,0.0,0.0,0.0,5
683,87.68904918254685,co_top_Bid,45.01,45.0,45.02,44.98,0.0,0.0,0.0,0.0,5
684,87.68908487267339,lo_deep_Ask,45.01,45.0,45.02,44.98,0.0,0.0,0.0,0.0,5
685,87.68910881316305,mo_Bid,45.01,45.0,45.02,44.98,0.0,0.0,0.0,0.0,5
686,87.68911538378933,co_top_Bid,45.01,45.0,45.02,44.98,0.0,0.0,0.0,0.0,5
687,87.68912174718595,lo_top_Bid,45.01,45.0,45.02,44.98,0.0,0.0,0.0,0.0,5
688,87.68932996361296,co_top_Bid,45.01,45.0,45.02,44.98,0.0,0.0,0.0,0.0,5
689,87.68933638432509,co_top_Bid,45.01,45.0,45.02,44.98,0.0,0.0,0.0,0.0,5
690,87.68940511453644,lo_top_Bid,45.01,45.0,45.02,44.98,0.0,0.0,0.0,0.0,5
691,87.68942686530697,lo_top_Bid,45.01,45.0,45.02,44.98,0.0,0.0,0.0,0.0,5
692,87.68956913893525,lo_top_Bid,45.01,45.0,45.02,44.98,0.0,0.0,0.0,0.0,5
693,87.68958447279168,lo_top_Bid,45.01,45.0,45.02,44.98,0.0,0.0,0.0,0.0,5
694,87.68960265021263,co_top_Bid,45.01,45.0,45.02,44.98,0.0,0.0,0.0,0.0,5
695,87.68971473305099,co_top_Bid,45.01,45.0,45.02,44.98,0.0,0.0,0.0,0.0,5
696,87.68972492949761,co_top_Bid,45.01,45.0,45.02,44.98,0.0,0.0,0.0,0.0,5
697,87.68982890042189,lo_top_Bid,45.01,45.0,45.02,44.98,0.0,0.0,0.0,0.0,5
698,87.6898376513172,lo_top_Bid,45.01,45.0,45.02,44.98,0.0,0.0,0.0,0.0,5
699,87.68988797689231,lo_top_Bid,45.01,45.0,45.02,44.98,0.0,0.0,0.0,0.0,5
700,87.68996461164936,co_top_Bid,45.01,45.0,45.02,44.98,0.0,0.0,0.0,0.0,5
701,87.69008519671445,mo_Bid,45.01,45.0,45.02,44.98,0.0,0.0,0.0,0.0,5
702,87.69009473451764,lo_top_Bid,45.01,45.0,45.02,44.98,0.0,0.0,0.0,0.0,5
703,87.69016348815892,co_top_Bid,45.01,45.0,45.02,44.98,0.0,0.0,0.0,0.0,5
704,87.69017825753349,co_top_Bid,45.01,45.0,45.02,44.98,0.0,0.0,0.0,0.0,5
705,87.69023180134482,co_top_Bid,45.01,45.0,45.02,44.98,0.0,0.0,0.0,0.0,5
706,87.69027657091964,co_top_Bid,45.01,45.0,45.02,44.98,0.0,0.0,0.0,0.0,5
707,87.6903395952783,co_top_Bid,45.01,45.0,45.02,44.98,0.0,0.0,0.0,0.0,5
708,87.69038015552096,lo_top_Bid,45.01,45.0,45.02,44.98,0.0,0.0,0.0,0.0,5
709,87.69044380971025,lo_top_Bid,45.01,45.0,45.02,44.98,0.0,0.0,0.0,0.0,5
710,87.69051064884823,lo_top_Bid,45.01,45.0,45.02,44.98,0.0,0.0,0.0,0.0,5
711,87.6908293774546,lo_top_Bid,45.01,45.0,45.02,44.98,0.0,0.0,0.0,0.0,5
712,87.69087189318711,co_deep_Bid,45.01,45.0,45.02,44.98,0.0,0.0,0.0,0.0,5
713,87.69088209510495,co_deep_Bid,45.01,45.0,45.02,44.98,0.0,0.0,0.0,0.0,5
714,87.69090169610463,co_deep_Bid,45.01,45.0,45.02,44.98,0.0,0.0,0.0,0.0,5
715,87.69095412359377,co_deep_Bid,45.01,45.0,45.02,44.98,0.0,0.0,0.0,0.0,5
716,87.6911635559522,co_deep_Bid,45.01,45.0,45.02,44.98,0.0,0.0,0.0,0.0,5
717,87.6913242752507,co_top_Bid,45.01,45.0,45.02,44.98,0.0,0.0,0.0,0.0,5
718,87.6913731343247,lo_top_Bid,45.01,45.0,45.02,44.98,0.0,0.0,0.0,0.0,5
719,87.69147000352446,co_deep_Bid,45.01,45.0,45.02,44.98,0.0,0.0,0.0,0.0,5
720,87.69158153231184,co_top_Bid,45.01,45.0,45.02,44.98,0.0,0.0,0.0,0.0,5
721,87.69158730719946,co_top_Bid,45.01,45.0,45.02,44.98,0.0,0.0,0.0,0.0,5
722,87.69163891131235,co_deep_Bid,45.01,45.0,45.02,44.98,0.0,0.0,0.0,0.0,5
723,87.69197480197423,co_top_Bid,45.01,45.0,45.02,44.98,0.0,0.0,0.0,0.0,5
724,87.69200980692098,lo_top_Bid,45.01,45.0,45.02,44.98,0.0,0.0,0.0,0.0,5
725,87.69201558275378,lo_top_Bid,45.01,45.0,45.02,44.98,0.0,0.0,0.0,0.0,5
726,87.69205864423809,co_deep_Bid,45.01,45.0,45.02,44.98,0.0,0.0,0.0,0.0,5
727,87.69206903892903,lo_top_Bid,45.01,45.0,45.02,44.98,0.0,0.0,0.0,0.0,5
728,87.69209980718868,co_deep_Bid,45.01,45.0,45.02,44.98,0.0,0.0,0.0,0.0,5
729,87.69214311847173,co_top_Bid,45.01,45.0,45.02,44.98,0.0,0.0,0.0,0.0,5
730,87.69215934821545,co_deep_Bid,45.01,45.0,45.02,44.98,0.0,0.0,0.0,0.0,5
731,87.69216777042686,co_top_Bid,45.01,45.0,45.02,44.98,0.0,0.0,0.0,0.0,5
732,87.69218086040654,co_deep_Bid,45.01,45.0,45.02,44.98,0.0,0.0,0.0,0.0,5
733,87.69221862921499,lo_deep_Bid,45.01,45.0,45.02,44.98,0.0,0.0,0.0,0.0,5
734,87.69226410159692,co_top_Bid,45.01,45.0,45.02,44.98,0.0,0.0,0.0,0.0,5
735,87.69226518194775,lo_deep_Bid,45.01,45.0,45.02,44.98,0.0,0.0,0.0,0.0,5
736,87.69227924469868,co_deep_Bid,45.01,45.0,45.02,44.98,0.0,0.0,0.0,0.0,5
737,87.69241683881019,co_top_Bid,45.01,45.0,45.02,44.98,0.0,0.0,0.0,0.0,5
738,87.69244017565234,co_top_Bid,45.01,45.0,45.02,44.98,0.0,0.0,0.0,0.0,5
739,87.69244808834488,mo_Bid,45.01,44.98,45.02,44.97,-0.020000000000003126,0.0,-0.00999999999999801,0.0,5
740,87.69255633606713,co_top_Bid,45.01,44.98,45.02,44.97,0.0,0.0,0.0,0.0,5
741,87.6925564704082,mo_Bid,45.01,44.98,45.02,44.97,0.0,0.0,0.0,0.0,5
742,87.69272501271043,lo_top_Bid,45.01,44.98,45.02,44.97,0.0,0.0,0.0,0.0,5
743,87.69273076774479,co_top_Bid,45.01,44.98,45.02,44.97,0.0,0.0,0.0,0.0,5
744,87.6927561657328,mo_Bid,45.01,44.98,45.02,44.97,0.0,0.0,0.0,0.0,5
745,87.6927973491841,co_deep_Bid,45.01,44.98,45.02,44.97,0.0,0.0,0.0,0.0,5
746,87.6928609110485,co_deep_Bid,45.01,44.98,45.02,44.97,0.0,0.0,0.0,0.0,5
747,87.69297166811535,co_deep_Bid,45.01,44.98,45.02,44.97,0.0,0.0,0.0,0.0,5
748,87.69316329209093,co_deep_Bid,45.01,44.98,45.02,44.97,0.0,0.0,0.0,0.0,5
749,87.69364655490244,mo_Bid,45.01,44.98,45.02,44.97,0.0,0.0,0.0,0.0,5
750,87.69371499039842,mo_Bid,45.01,44.98,45.02,44.97,0.0,0.0,0.0,0.0,5
751,87.6937369634556,lo_top_Bid,45.01,44.98,45.02,44.97,0.0,0.0,0.0,0.0,5
752,87.69381777687437,lo_inspread_Bid,45.01,44.99,45.02,44.98,0.010000000000005116,0.0,0.00999999999999801,0.0,5
753,87.69382637961378,mo_Bid,45.01,44.99,45.02,44.98,0.0,0.0,0.0,0.0,5
754,87.69389821491683,lo_inspread_Bid,45.01,45.0,45.02,44.99,0.00999999999999801,0.0,0.010000000000005116,0.0,5
755,87.6939054144824,mo_Bid,45.01,45.0,45.02,44.99,0.0,0.0,0.0,0.0,5
756,87.69510062783058,co_deep_Bid,45.01,45.0,45.02,44.98,0.0,0.0,-0.010000000000005116,0.0,5
757,87.69571572560761,lo_top_Bid,45.01,45.0,45.02,44.98,0.0,0.0,0.0,0.0,5
758,87.6959406218385,co_deep_Bid,45.01,45.0,45.02,44.98,0.0,0.0,0.0,0.0,5
759,87.69594856475116,lo_deep_Bid,45.01,45.0,45.02,44.98,0.0,0.0,0.0,0.0,5
760,87.69621496387629,lo_deep_Bid,45.01,45.0,45.02,44.98,0.0,0.0,0.0,0.0,5
761,87.69635237456191,mo_Bid,45.01,45.0,45.02,44.98,0.0,0.0,0.0,0.0,5
762,87.69722880427715,lo_deep_Bid,45.01,45.0,45.02,44.98,0.0,0.0,0.0,0.0,5
763,87.6973270386768,lo_deep_Bid,45.01,45.0,45.02,44.98,0.0,0.0,0.0,0.0,5
764,87.69750338804185,lo_deep_Bid,45.01,45.0,45.02,44.98,0.0,0.0,0.0,0.0,5
765,87.69819240195007,lo_deep_Bid,45.01,45.0,45.02,44.98,0.0,0.0,0.0,0.0,5
766,87.69860527683011,lo_deep_Bid,45.01,45.0,45.02,44.98,0.0,0.0,0.0,0.0,5
767,87.69925868382242,lo_top_Bid,45.01,45.0,45.02,44.98,0.0,0.0,0.0,0.0,5
768,87.69927351503362,lo_top_Bid,45.01,45.0,45.02,44.98,0.0,0.0,0.0,0.0,5
769,87.70354282215764,lo_deep_Ask,45.01,45.0,45.02,44.98,0.0,0.0,0.0,0.0,5
770,87.70551522831084,co_top_Bid,45.01,45.0,45.02,44.98,0.0,0.0,0.0,0.0,5
771,87.70791865011257,lo_deep_Bid,45.01,45.0,45.02,44.98,0.0,0.0,0.0,0.0,5
772,87.71054457979189,lo_top_Bid,45.01,45.0,45.02,44.98,0.0,0.0,0.0,0.0,5
773,87.71251966022159,lo_top_Bid,45.01,45.0,45.02,44.98,0.0,0.0,0.0,0.0,5
774,87.71263578767574,co_top_Bid,45.01,45.0,45.02,44.98,0.0,0.0,0.0,0.0,5
775,87.7127913519379,co_top_Bid,45.01,45.0,45.02,44.98,0.0,0.0,0.0,0.0,5
776,87.71329600415639,lo_top_Bid,45.01,45.0,45.02,44.98,0.0,0.0,0.0,0.0,5
777,87.7133303532655,lo_top_Bid,45.01,45.0,45.02,44.98,0.0,0.0,0.0,0.0,5
778,87.71338927937494,co_top_Bid,45.01,45.0,45.02,44.98,0.0,0.0,0.0,0.0,5
779,87.7134042327575,lo_top_Bid,45.01,45.0,45.02,44.98,0.0,0.0,0.0,0.0,5
780,87.71345351051184,lo_top_Bid,45.01,45.0,45.02,44.98,0.0,0.0,0.0,0.0,5
781,87.71347087265974,co_top_Bid,45.01,45.0,45.02,44.98,0.0,0.0,0.0,0.0,5
782,87.71347813462053,co_top_Bid,45.01,45.0,45.02,44.98,0.0,0.0,0.0,0.0,5
783,87.7134864441839,co_top_Bid,45.01,45.0,45.02,44.98,0.0,0.0,0.0,0.0,5
784,87.71348660350337,lo_top_Bid,45.01,45.0,45.02,44.98,0.0,0.0,0.0,0.0,5
785,87.71369949510765,co_deep_Bid,45.01,45.0,45.02,44.98,0.0,0.0,0.0,0.0,5
786,87.71371101975265,co_top_Bid,45.01,45.0,45.02,44.98,0.0,0.0,0.0,0.0,5
787,87.713715251225,co_top_Bid,45.01,45.0,45.02,44.98,0.0,0.0,0.0,0.0,5
788,87.71372954288147,mo_Bid,45.01,45.0,45.02,44.98,0.0,0.0,0.0,0.0,5
789,87.71377654640519,co_top_Bid,45.01,45.0,45.02,44.98,0.0,0.0,0.0,0.0,5
790,87.7138815729876,co_top_Bid,45.01,44.98,45.02,44.97,-0.020000000000003126,0.0,-0.00999999999999801,0.0,5
791,87.71400583999385,lo_top_Bid,45.01,44.98,45.02,44.97,0.0,0.0,0.0,0.0,5
792,87.71406646641361,co_top_Ask,45.01,44.98,45.02,44.97,0.0,0.0,0.0,0.0,5
793,87.71410746282474,co_top_Bid,45.01,44.98,45.02,44.97,0.0,0.0,0.0,0.0,5
794,87.7141640437259,co_top_Bid,45.01,44.98,45.02,44.97,0.0,0.0,0.0,0.0,5
795,87.71421550719145,lo_top_Bid,45.01,44.98,45.02,44.97,0.0,0.0,0.0,0.0,5
796,87.71424342859548,co_top_Bid,45.01,44.98,45.02,44.97,0.0,0.0,0.0,0.0,5
797,87.71438665808493,lo_top_Bid,45.01,44.98,45.02,44.97,0.0,0.0,0.0,0.0,5
798,87.71444655632828,co_top_Bid,45.01,44.98,45.02,44.97,0.0,0.0,0.0,0.0,5
799,87.71450220076919,co_top_Bid,45.01,44.98,45.02,44.97,0.0,0.0,0.0,0.0,5
800,87.71457253204706,lo_top_Bid,45.01,44.98,45.02,44.97,0.0,0.0,0.0,0.0,5
801,87.71459449904941,co_top_Bid,45.01,44.98,45.02,44.97,0.0,0.0,0.0,0.0,5
802,87.71461710577869,co_top_Bid,45.01,44.98,45.02,44.97,0.0,0.0,0.0,0.0,5
803,87.71471029343128,mo_Bid,45.01,44.98,45.02,44.97,0.0,0.0,0.0,0.0,5
804,87.71471928789424,lo_top_Bid,45.01,44.98,45.02,44.97,0.0,0.0,0.0,0.0,5
805,87.71477200180462,lo_top_Bid,45.01,44.98,45.02,44.97,0.0,0.0,0.0,0.0,5
806,87.71484988829923,mo_Bid,45.01,44.98,45.02,44.97,0.0,0.0,0.0,0.0,5
807,87.7148612120624,lo_inspread_Bid,45.01,44.99,45.02,44.98,0.010000000000005116,0.0,0.00999999999999801,0.0,5
808,87.71486929336801,lo_top_Bid,45.01,44.99,45.02,44.98,0.0,0.0,0.0,0.0,5
809,87.71488341928604,co_top_Bid,45.01,44.99,45.02,44.98,0.0,0.0,0.0,0.0,5
810,87.71490115029287,mo_Bid,45.01,44.98,45.02,44.97,-0.010000000000005116,0.0,-0.00999999999999801,0.0,5
811,87.71490645483755,lo_top_Bid,45.01,44.98,45.02,44.97,0.0,0.0,0.0,0.0,5
812,87.7149552648517,lo_top_Bid,45.01,44.98,45.02,44.97,0.0,0.0,0.0,0.0,5
813,87.71495728109497,co_deep_Bid,45.01,44.98,45.02,44.97,0.0,0.0,0.0,0.0,5
814,87.71496898967114,lo_inspread_Bid,45.01,44.99,45.02,44.98,0.010000000000005116,0.0,0.00999999999999801,0.0,5
815,87.71501439383482,lo_inspread_Bid,45.01,45.0,45.02,44.99,0.00999999999999801,0.0,0.010000000000005116,0.0,5
816,87.71505545136078,mo_Bid,45.01,45.0,45.02,44.99,0.0,0.0,0.0,0.0,5
817,87.71514032230239,mo_Bid,45.01,45.0,45.02,44.99,0.0,0.0,0.0,0.0,5
818,87.7152364944057,co_top_Bid,45.01,44.99,45.02,44.98,-0.00999999999999801,0.0,-0.010000000000005116,0.0,5
819,87.71528465378763,co_top_Bid,45.01,44.98,45.02,44.97,-0.010000000000005116,0.0,-0.00999999999999801,0.0,5
820,87.71530077558441,lo_inspread_Bid,45.01,44.99,45.02,44.98,0.010000000000005116,0.0,0.00999999999999801,0.0,5
821,87.71530296958814,lo_inspread_Bid,45.01,45.0,45.02,44.99,0.00999999999999801,0.0,0.010000000000005116,0.0,5
822,87.71531329175393,co_top_Bid,45.01,44.99,45.02,44.98,-0.00999999999999801,0.0,-0.010000000000005116,0.0,5
823,87.71531441934253,lo_inspread_Bid,45.01,45.0,45.02,44.99,0.00999999999999801,0.0,0.010000000000005116,0.0,5
824,87.71550896374455,mo_Bid,45.01,45.0,45.02,44.99,0.0,0.0,0.0,0.0,5
825,87.71580192491719,lo_top_Bid,45.01,45.0,45.02,44.99,0.0,0.0,0.0,0.0,5
826,87.71634978371947,co_top_Bid,45.01,45.0,45.02,44.99,0.0,0.0,0.0,0.0,5
827,87.71642049258406,co_top_Bid,45.01,44.99,45.02,44.98,-0.00999999999999801,0.0,-0.010000000000005116,0.0,5
828,87.71643229748285,mo_Bid,45.01,44.97,45.02,44.96,-0.020000000000003126,0.0,-0.01999999999999602,0.0,5
829,87.71646474217286,lo_top_Bid,45.01,44.97,45.02,44.96,0.0,0.0,0.0,0.0,5
830,87.71648439322206,co_top_Bid,45.01,44.97,45.02,44.96,0.0,0.0,0.0,0.0,5
831,87.71654838843833,lo_top_Bid,45.01,44.97,45.02,44.96,0.0,0.0,0.0,0.0,5
832,87.71674879212928,co_top_Bid,45.01,44.97,45.02,44.96,0.0,0.0,0.0,0.0,5
833,87.71764835608558,mo_Bid,45.01,44.97,45.02,44.96,0.0,0.0,0.0,0.0,5
834,87.7176727127152,lo_top_Bid,45.01,44.97,45.02,44.96,0.0,0.0,0.0,0.0,5
835,87.71781037802877,lo_top_Bid,45.01,44.97,45.02,44.96,0.0,0.0,0.0,0.0,5
836,87.71781655097048,lo_top_Bid,45.01,44.97,45.02,44.96,0.0,0.0,0.0,0.0,5
837,87.71794836729994,co_top_Bid,45.01,44.97,45.02,44.96,0.0,0.0,0.0,0.0,5
838,87.71798705516629,lo_top_Bid,45.01,44.97,45.02,44.96,0.0,0.0,0.0,0.0,5
839,87.7180155091641,lo_inspread_Bid,45.01,44.98,45.02,44.97,0.00999999999999801,0.0,0.00999999999999801,0.0,5
840,87.71801854778606,lo_top_Bid,45.01,44.98,45.02,44.97,0.0,0.0,0.0,0.0,5
841,87.71802546821215,co_top_Bid,45.01,44.98,45.02,44.97,0.0,0.0,0.0,0.0,5
842,87.71819365090423,co_top_Bid,45.01,44.97,45.02,44.96,-0.00999999999999801,0.0,-0.00999999999999801,0.0,5
843,87.71828066684566,co_top_Bid,45.01,44.97,45.02,44.96,0.0,0.0,0.0,0.0,5
844,87.71852610546628,lo_inspread_Bid,45.01,44.98,45.02,44.97,0.00999999999999801,0.0,0.00999999999999801,0.0,5
845,87.71863287046548,mo_Bid,45.01,44.97,45.02,44.96,-0.00999999999999801,0.0,-0.00999999999999801,0.0,5
846,87.71872830964328,lo_inspread_Bid,45.01,44.98,45.02,44.97,0.00999999999999801,0.0,0.00999999999999801,0.0,5
847,87.71895321429736,lo_inspread_Bid,45.01,44.99,45.02,44.98,0.010000000000005116,0.0,0.00999999999999801,0.0,5
848,87.71898003638853,lo_inspread_Bid,45.01,45.0,45.02,44.99,0.00999999999999801,0.0,0.010000000000005116,0.0,5
849,87.71906846767729,co_top_Ask,45.01,45.0,45.02,44.99,0.0,0.0,0.0,0.0,5
850,87.71910352357116,co_top_Ask,45.01,45.0,45.02,44.99,0.0,0.0,0.0,0.0,5
851,87.71914350345077,mo_Bid,45.01,45.0,45.02,44.99,0.0,0.0,0.0,0.0,5
852,87.71920987922597,lo_top_Bid,45.01,45.0,45.02,44.99,0.0,0.0,0.0,0.0,5
853,87.71941167092358,co_top_Ask,45.01,45.0,45.02,44.99,0.0,0.0,0.0,0.0,5
854,87.71956677275735,lo_top_Bid,45.01,45.0,45.02,44.99,0.0,0.0,0.0,0.0,5
855,87.71968428831259,lo_top_Bid,45.01,45.0,45.02,44.99,0.0,0.0,0.0,0.0,5
856,87.71973890103564,lo_top_Bid,45.01,45.0,45.02,44.99,0.0,0.0,0.0,0.0,5
857,87.72027399667044,co_top_Bid,45.01,45.0,45.02,44.99,0.0,0.0,0.0,0.0,5
858,87.72029091984166,mo_Bid,45.01,45.0,45.02,44.99,0.0,0.0,0.0,0.0,5
859,87.72062871763941,co_top_Bid,45.01,45.0,45.02,44.99,0.0,0.0,0.0,0.0,5
860,87.72067801335272,mo_Bid,45.01,45.0,45.02,44.99,0.0,0.0,0.0,0.0,5
861,87.72076552053777,mo_Bid,45.01,45.0,45.02,44.99,0.0,0.0,0.0,0.0,5
862,87.72079315655688,mo_Bid,45.01,45.0,45.02,44.99,0.0,0.0,0.0,0.0,5
863,87.72088296094552,mo_Bid,45.01,45.0,45.02,44.99,0.0,0.0,0.0,0.0,5
864,87.72090697229265,mo_Bid,45.01,45.0,45.02,44.99,0.0,0.0,0.0,0.0,5
865,87.7209517967386,mo_Bid,45.01,44.99,45.02,44.98,-0.00999999999999801,0.0,-0.010000000000005116,0.0,5
866,87.72113471539505,mo_Bid,45.01,44.98,45.02,44.97,-0.010000000000005116,0.0,-0.00999999999999801,0.0,5
867,87.72126188694145,lo_inspread_Bid,45.01,44.99,45.02,44.98,0.010000000000005116,0.0,0.00999999999999801,0.0,5
868,87.72153728873816,mo_Bid,45.01,44.98,45.02,44.97,-0.010000000000005116,0.0,-0.00999999999999801,0.0,5
869,87.72158784544419,lo_inspread_Bid,45.01,44.99,45.02,44.98,0.010000000000005116,0.0,0.00999999999999801,0.0,5
870,87.72168105449722,lo_top_Bid,45.01,44.99,45.02,44.98,0.0,0.0,0.0,0.0,5
871,87.72173469509376,lo_inspread_Bid,45.01,45.0,45.02,44.99,0.00999999999999801,0.0,0.010000000000005116,0.0,5
872,87.72241360781496,mo_Bid,45.01,45.0,45.02,44.99,0.0,0.0,0.0,0.0,5
873,87.72255667323223,mo_Bid,45.01,45.0,45.02,44.99,0.0,0.0,0.0,0.0,5
874,87.72261726327287,mo_Bid,45.01,45.0,45.02,44.99,0.0,0.0,0.0,0.0,5
875,87.72298929392252,mo_Bid,45.01,45.0,45.02,44.99,0.0,0.0,0.0,0.0,5
876,87.72336615133831,mo_Bid,45.01,45.0,45.02,44.99,0.0,0.0,0.0,0.0,5
877,87.72363752261239,mo_Bid,45.01,45.0,45.02,44.99,0.0,0.0,0.0,0.0,5
878,87.72371524071029,lo_top_Bid,45.01,45.0,45.02,44.99,0.0,0.0,0.0,0.0,5
879,87.72482850628762,mo_Bid,45.01,45.0,45.02,44.99,0.0,0.0,0.0,0.0,5
880,87.72490059098874,mo_Bid,45.01,45.0,45.02,44.99,0.0,0.0,0.0,0.0,5
881,87.72592231748553,mo_Bid,45.01,44.98,45.02,44.97,-0.020000000000003126,0.0,-0.020000000000003126,0.0,5
882,87.7277434233612,lo_inspread_Bid,45.01,44.99,45.02,44.98,0.010000000000005116,0.0,0.00999999999999801,0.0,5
883,87.72775134309475,lo_inspread_Ask,45.0,44.99,45.01,44.98,0.0,-0.00999999999999801,0.0,-0.010000000000005116,5
884,87.72855584695324,mo_Bid,45.0,44.98,45.01,44.97,-0.010000000000005116,0.0,-0.00999999999999801,0.0,5
885,87.73349935066395,mo_Bid,45.0,44.98,45.01,44.97,0.0,0.0,0.0,0.0,5
886,87.738422321576,mo_Bid,45.0,44.98,45.01,44.97,0.0,0.0,0.0,0.0,5
887,87.74477919565321,lo_top_Bid,45.0,44.98,45.01,44.97,0.0,0.0,0.0,0.0,5
888,87.74637668072064,co_deep_Bid,45.0,44.98,45.01,44.97,0.0,0.0,0.0,0.0,5
889,87.74935123124828,lo_top_Bid,45.0,44.98,45.01,44.97,0.0,0.0,0.0,0.0,5
890,87.74970830426678,co_deep_Bid,45.0,44.98,45.01,44.97,0.0,0.0,0.0,0.0,5
891,87.74973345156958,lo_top_Bid,45.0,44.98,45.01,44.97,0.0,0.0,0.0,0.0,5
892,87.74994668963556,co_deep_Bid,45.0,44.98,45.01,44.97,0.0,0.0,0.0,0.0,5
893,87.74996205338289,co_deep_Bid,45.0,44.98,45.01,44.97,0.0,0.0,0.0,0.0,5
894,87.749996139373,lo_deep_Bid,45.0,44.98,45.01,44.97,0.0,0.0,0.0,0.0,5
895,87.75047152085297,lo_deep_Bid,45.0,44.98,45.01,44.97,0.0,0.0,0.0,0.0,5
896,87.75082490229171,lo_top_Bid,45.0,44.98,45.01,44.97,0.0,0.0,0.0,0.0,5
897,87.75084501855133,co_deep_Bid,45.0,44.98,45.01,44.97,0.0,0.0,0.0,0.0,5
898,87.75126625261268,co_deep_Bid,45.0,44.98,45.01,44.97,0.0,0.0,0.0,0.0,5
899,87.75145819471078,co_deep_Bid,45.0,44.98,45.01,44.97,0.0,0.0,0.0,0.0,5
900,87.75188224422753,co_deep_Bid,45.0,44.98,45.01,44.97,0.0,0.0,0.0,0.0,5
901,87.75200075837361,co_deep_Bid,45.0,44.98,45.01,44.97,0.0,0.0,0.0,0.0,5
902,87.75204203136686,co_deep_Bid,45.0,44.98,45.01,44.97,0.0,0.0,0.0,0.0,5
903,87.75211721037917,lo_top_Bid,45.0,44.98,45.01,44.97,0.0,0.0,0.0,0.0,5
904,87.7521397782323,co_deep_Bid,45.0,44.98,45.01,44.97,0.0,0.0,0.0,0.0,5
905,87.75217370433272,co_deep_Bid,45.0,44.98,45.01,44.96,0.0,0.0,-0.00999999999999801,0.0,5
906,87.75220721483187,co_deep_Bid,45.0,44.98,45.01,44.96,0.0,0.0,0.0,0.0,5
907,87.75220849466137,co_deep_Bid,45.0,44.98,45.01,44.96,0.0,0.0,0.0,0.0,5
908,87.75221782589922,co_deep_Bid,45.0,44.98,45.01,44.96,0.0,0.0,0.0,0.0,5
909,87.75224522228744,lo_top_Bid,45.0,44.98,45.01,44.96,0.0,0.0,0.0,0.0,5
910,87.75225669544827,co_deep_Bid,45.0,44.98,45.01,44.96,0.0,0.0,0.0,0.0,5
911,87.75258311983875,lo_deep_Bid,45.0,44.98,45.01,44.96,0.0,0.0,0.0,0.0,5
912,87.75712894725427,lo_top_Bid,45.0,44.98,45.01,44.96,0.0,0.0,0.0,0.0,5
913,87.75718388828388,co_deep_Bid,45.0,44.98,45.01,44.96,0.0,0.0,0.0,0.0,5
914,87.75719116650225,lo_top_Bid,45.0,44.98,45.01,44.96,0.0,0.0,0.0,0.0,5
915,87.75725603658296,co_top_Bid,45.0,44.98,45.01,44.96,0.0,0.0,0.0,0.0,5
916,87.7572818044595,lo_top_Bid,45.0,44.98,45.01,44.96,0.0,0.0,0.0,0.0,5
917,87.7573306261655,co_top_Bid,45.0,44.98,45.01,44.96,0.0,0.0,0.0,0.0,5
918,87.75748751652627,co_top_Bid,45.0,44.98,45.01,44.96,0.0,0.0,0.0,0.0,5
919,87.75759567360372,mo_Bid,45.0,44.98,45.01,44.96,0.0,0.0,0.0,0.0,5
920,87.75761417029932,lo_top_Bid,45.0,44.98,45.01,44.96,0.0,0.0,0.0,0.0,5
921,87.75782697449267,co_top_Bid,45.0,44.98,45.01,44.96,0.0,0.0,0.0,0.0,5
922,87.75788804758608,lo_top_Bid,45.0,44.98,45.01,44.96,0.0,0.0,0.0,0.0,5
923,87.75790754590516,co_top_Bid,45.0,44.98,45.01,44.96,0.0,0.0,0.0,0.0,5
924,87.75817481613235,co_top_Bid,45.0,44.98,45.01,44.96,0.0,0.0,0.0,0.0,5
925,87.75854710655763,lo_top_Bid,45.0,44.98,45.01,44.96,0.0,0.0,0.0,0.0,5
926,87.75885774460868,lo_top_Bid,45.0,44.98,45.01,44.96,0.0,0.0,0.0,0.0,5
927,87.7590238700631,lo_top_Bid,45.0,44.98,45.01,44.96,0.0,0.0,0.0,0.0,5
928,87.75903799123222,lo_top_Bid,45.0,44.98,45.01,44.96,0.0,0.0,0.0,0.0,5
929,87.75912766680283,lo_top_Bid,45.0,44.98,45.01,44.96,0.0,0.0,0.0,0.0,5
930,87.75921183030148,co_top_Bid,45.0,44.98,45.01,44.96,0.0,0.0,0.0,0.0,5
931,87.75924430328864,co_top_Bid,45.0,44.98,45.01,44.96,0.0,0.0,0.0,0.0,5
932,87.75926319817017,lo_top_Bid,45.0,44.98,45.01,44.96,0.0,0.0,0.0,0.0,5
933,87.75942656038757,co_top_Bid,45.0,44.98,45.01,44.96,0.0,0.0,0.0,0.0,5
934,87.75944678541613,lo_top_Bid,45.0,44.98,45.01,44.96,0.0,0.0,0.0,0.0,5
935,87.7594754894731,lo_top_Bid,45.0,44.98,45.01,44.96,0.0,0.0,0.0,0.0,5
936,87.75963457607419,lo_top_Bid,45.0,44.98,45.01,44.96,0.0,0.0,0.0,0.0,5
937,87.75993952642962,co_top_Bid,45.0,44.98,45.01,44.96,0.0,0.0,0.0,0.0,5
938,87.76024173142439,lo_top_Bid,45.0,44.98,45.01,44.96,0.0,0.0,0.0,0.0,5
939,87.76061708589467,lo_top_Bid,45.0,44.98,45.01,44.96,0.0,0.0,0.0,0.0,5
940,87.76062980281615,lo_top_Bid,45.0,44.98,45.01,44.96,0.0,0.0,0.0,0.0,5
941,87.7607111594252,co_deep_Bid,45.0,44.98,45.01,44.96,0.0,0.0,0.0,0.0,5
942,87.76073922694074,co_deep_Bid,45.0,44.98,45.01,44.96,0.0,0.0,0.0,0.0,5
943,87.76083886549131,co_deep_Bid,45.0,44.98,45.01,44.96,0.0,0.0,0.0,0.0,5
944,87.7611670447268,co_deep_Bid,45.0,44.98,45.01,44.96,0.0,0.0,0.0,0.0,5
945,87.76143135248044,co_deep_Bid,45.0,44.98,45.01,44.96,0.0,0.0,0.0,0.0,5
946,87.7614442960827,lo_top_Bid,45.0,44.98,45.01,44.96,0.0,0.0,0.0,0.0,5
947,87.76145268513086,co_deep_Bid,45.0,44.98,45.01,44.96,0.0,0.0,0.0,0.0,5
948,87.76161559754463,co_deep_Bid,45.0,44.98,45.01,44.96,0.0,0.0,0.0,0.0,5
949,87.76169491012985,co_deep_Bid,45.0,44.98,45.01,44.96,0.0,0.0,0.0,0.0,5
950,87.76169783123233,co_deep_Bid,45.0,44.98,45.01,44.96,0.0,0.0,0.0,0.0,5
951,87.76286874374348,co_deep_Bid,45.0,44.98,45.01,44.96,0.0,0.0,0.0,0.0,5
952,87.76318445735832,co_deep_Bid,45.0,44.98,45.01,44.96,0.0,0.0,0.0,0.0,5
953,87.76354597320325,co_deep_Bid,45.0,44.98,45.01,44.96,0.0,0.0,0.0,0.0,5
954,87.76433564102399,co_deep_Bid,45.0,44.98,45.01,44.96,0.0,0.0,0.0,0.0,5
955,87.76441056164572,co_deep_Bid,45.0,44.98,45.01,44.96,0.0,0.0,0.0,0.0,5
956,87.76441123614417,co_deep_Bid,45.0,44.98,45.01,44.96,0.0,0.0,0.0,0.0,5
957,87.76490806168651,co_deep_Bid,45.0,44.98,45.01,44.95,0.0,0.0,-0.00999999999999801,0.0,5
958,87.76495884117499,co_deep_Bid,45.0,44.98,45.01,44.95,0.0,0.0,0.0,0.0,5
959,87.76514996456217,lo_inspread_Ask,44.99,44.98,45.0,44.95,0.0,-0.00999999999999801,0.0,-0.00999999999999801,5
960,87.76517333271003,lo_deep_Bid,44.99,44.98,45.0,44.97,0.0,0.0,0.01999999999999602,0.0,5
961,87.76520488575075,lo_deep_Bid,44.99,44.98,45.0,44.97,0.0,0.0,0.0,0.0,5
962,87.7653777404487,lo_top_Bid,44.99,44.98,45.0,44.97,0.0,0.0,0.0,0.0,5
963,87.76546136075675,co_top_Bid,44.99,44.98,45.0,44.97,0.0,0.0,0.0,0.0,5
964,87.76563744894713,lo_deep_Bid,44.99,44.98,45.0,44.97,0.0,0.0,0.0,0.0,5
965,87.7661514606222,lo_deep_Bid,44.99,44.98,45.0,44.97,0.0,0.0,0.0,0.0,5
966,87.76622446224417,lo_top_Bid,44.99,44.98,45.0,44.97,0.0,0.0,0.0,0.0,5
967,87.76631817517575,lo_deep_Bid,44.99,44.98,45.0,44.97,0.0,0.0,0.0,0.0,5
968,87.76722025165427,lo_deep_Bid,44.99,44.98,45.0,44.97,0.0,0.0,0.0,0.0,5
969,87.76896218198998,lo_deep_Bid,44.99,44.98,45.0,44.97,0.0,0.0,0.0,0.0,5
970,87.77541137083625,lo_top_Bid,44.99,44.98,45.0,44.97,0.0,0.0,0.0,0.0,5
971,87.77562029368524,co_deep_Bid,44.99,44.98,45.0,44.97,0.0,0.0,0.0,0.0,5
972,87.77562043531599,co_deep_Bid,44.99,44.98,45.0,44.97,0.0,0.0,0.0,0.0,5
973,87.77565693478127,co_deep_Bid,44.99,44.98,45.0,44.97,0.0,0.0,0.0,0.0,5
974,87.77604599323328,co_deep_Bid,44.99,44.98,45.0,44.97,0.0,0.0,0.0,0.0,5
975,87.77671513523273,lo_top_Bid,44.99,44.98,45.0,44.97,0.0,0.0,0.0,0.0,5
976,87.7772983410165,lo_top_Bid,44.99,44.98,45.0,44.97,0.0,0.0,0.0,0.0,5
977,87.77874276551402,lo_top_Bid,44.99,44.98,45.0,44.97,0.0,0.0,0.0,0.0,5
978,87.77905555834298,lo_top_Bid,44.99,44.98,45.0,44.97,0.0,0.0,0.0,0.0,5
979,87.7791792747488,co_deep_Bid,44.99,44.98,45.0,44.97,0.0,0.0,0.0,0.0,5
980,87.78090229924432,lo_top_Bid,44.99,44.98,45.0,44.97,0.0,0.0,0.0,0.0,5
981,87.78097805874701,co_top_Bid,44.99,44.98,45.0,44.97,0.0,0.0,0.0,0.0,5
982,87.78099013839015,co_top_Bid,44.99,44.98,45.0,44.97,0.0,0.0,0.0,0.0,5
983,87.7810275436783,lo_top_Bid,44.99,44.98,45.0,44.97,0.0,0.0,0.0,0.0,5
984,87.78116754718118,co_top_Bid,44.99,44.98,45.0,44.97,0.0,0.0,0.0,0.0,5
985,87.78124845086673,co_top_Bid,44.99,44.98,45.0,44.97,0.0,0.0,0.0,0.0,5
986,87.78136638582356,lo_top_Bid,44.99,44.98,45.0,44.97,0.0,0.0,0.0,0.0,5
987,87.78138242347643,lo_top_Bid,44.99,44.98,45.0,44.97,0.0,0.0,0.0,0.0,5
988,87.78139683566516,co_top_Bid,44.99,44.98,45.0,44.97,0.0,0.0,0.0,0.0,5
989,87.78143917423968,co_top_Bid,44.99,44.98,45.0,44.97,0.0,0.0,0.0,0.0,5
990,87.78145433359238,co_top_Bid,44.99,44.98,45.0,44.97,0.0,0.0,0.0,0.0,5
991,87.78150411426277,co_top_Bid,44.99,44.98,45.0,44.97,0.0,0.0,0.0,0.0,5
992,87.78154602208143,mo_Bid,44.99,44.98,45.0,44.97,0.0,0.0,0.0,0.0,5
993,87.78165792043356,lo_top_Bid,44.99,44.98,45.0,44.97,0.0,0.0,0.0,0.0,5
994,87.78168094154913,lo_top_Bid,44.99,44.98,45.0,44.97,0.0,0.0,0.0,0.0,5
995,87.78170390622803,co_top_Bid,44.99,44.98,45.0,44.97,0.0,0.0,0.0,0.0,5
996,87.78173974743208,co_deep_Bid,44.99,44.98,45.0,44.97,0.0,0.0,0.0,0.0,5
997,87.78176107759225,co_top_Bid,44.99,44.98,45.0,44.97,0.0,0.0,0.0,0.0,5
998,87.78187182795675,lo_top_Bid,44.99,44.98,45.0,44.97,0.0,0.0,0.0,0.0,5
999,87.78193149357264,co_top_Bid,44.99,44.98,45.0,44.97,0.0,0.0,0.0,0.0,5
1000,87.78221177945865,co_top_Bid,44.99,44.98,45.0,44.97,0.0,0.0,0.0,0.0,5
1001,87.78230786847872,lo_top_Bid,44.99,44.98,45.0,44.97,0.0,0.0,0.0,0.0,5
1002,87.78230830451612,co_top_Bid,44.99,44.98,45.0,44.97,0.0,0.0,0.0,0.0,5
1003,87.78232041455301,co_top_Bid,44.99,44.98,45.0,44.97,0.0,0.0,0.0,0.0,5
1004,87.7823942533951,mo_Bid,44.99,44.98,45.0,44.97,0.0,0.0,0.0,0.0,5
1005,87.78250369093205,lo_top_Bid,44.99,44.98,45.0,44.97,0.0,0.0,0.0,0.0,5
1006,87.78261411797415,lo_top_Bid,44.99,44.98,45.0,44.97,0.0,0.0,0.0,0.0,5
1007,87.78261711098783,lo_top_Bid,44.99,44.98,45.0,44.97,0.0,0.0,0.0,0.0,5
1008,87.78265056101986,lo_top_Bid,44.99,44.98,45.0,44.97,0.0,0.0,0.0,0.0,5
1009,87.78268021528437,lo_top_Bid,44.99,44.98,45.0,44.97,0.0,0.0,0.0,0.0,5
1010,87.78270120422495,lo_top_Bid,44.99,44.98,45.0,44.97,0.0,0.0,0.0,0.0,5
1011,87.78287249384728,lo_top_Bid,44.99,44.98,45.0,44.97,0.0,0.0,0.0,0.0,5
1012,87.78289036992821,lo_top_Bid,44.99,44.98,45.0,44.97,0.0,0.0,0.0,0.0,5
1013,87.78289097987992,co_deep_Bid,44.99,44.98,45.0,44.96,0.0,0.0,-0.00999999999999801,0.0,5
1014,87.78312078691302,co_top_Bid,44.99,44.98,45.0,44.96,0.0,0.0,0.0,0.0,5
1015,87.78325459939227,lo_top_Bid,44.99,44.98,45.0,44.96,0.0,0.0,0.0,0.0,5
1016,87.78334423932198,co_top_Bid,44.99,44.98,45.0,44.96,0.0,0.0,0.0,0.0,5
1017,87.78337033860652,co_top_Bid,44.99,44.98,45.0,44.96,0.0,0.0,0.0,0.0,5
1018,87.78341299767352,lo_top_Bid,44.99,44.98,45.0,44.96,0.0,0.0,0.0,0.0,5
1019,87.78355437429107,co_deep_Bid,44.99,44.98,45.0,44.96,0.0,0.0,0.0,0.0,5
1020,87.7835584375557,co_deep_Bid,44.99,44.98,45.0,44.96,0.0,0.0,0.0,0.0,5
1021,87.78356040371686,co_deep_Bid,44.99,44.98,45.0,44.96,0.0,0.0,0.0,0.0,5
1022,87.78365768407993,lo_top_Bid,44.99,44.98,45.0,44.96,0.0,0.0,0.0,0.0,5
1023,87.78419561445398,lo_top_Bid,44.99,44.98,45.0,44.96,0.0,0.0,0.0,0.0,5
1024,87.78491575498549,co_deep_Bid,44.99,44.98,45.0,44.96,0.0,0.0,0.0,0.0,5
1025,87.78518262119965,lo_top_Bid,44.99,44.98,45.0,44.96,0.0,0.0,0.0,0.0,5
1026,87.78543476476362,lo_top_Bid,44.99,44.98,45.0,44.96,0.0,0.0,0.0,0.0,5
1027,87.78555233597851,co_top_Bid,44.99,44.98,45.0,44.96,0.0,0.0,0.0,0.0,5
1028,87.78555371205235,co_top_Bid,44.99,44.98,45.0,44.96,0.0,0.0,0.0,0.0,5
1029,87.7855545097055,lo_top_Bid,44.99,44.98,45.0,44.96,0.0,0.0,0.0,0.0,5
1030,87.78555905049545,co_top_Bid,44.99,44.98,45.0,44.96,0.0,0.0,0.0,0.0,5
1031,87.78558318996116,co_top_Bid,44.99,44.98,45.0,44.96,0.0,0.0,0.0,0.0,5
1032,87.78559049276302,co_top_Bid,44.99,44.98,45.0,44.96,0.0,0.0,0.0,0.0,5
1033,87.7855914852867,co_top_Bid,44.99,44.98,45.0,44.96,0.0,0.0,0.0,0.0,5
1034,87.78559433590156,co_top_Bid,44.99,44.98,45.0,44.96,0.0,0.0,0.0,0.0,5
1035,87.78559594036278,lo_top_Bid,44.99,44.98,45.0,44.96,0.0,0.0,0.0,0.0,5
1036,87.78559651730296,co_top_Bid,44.99,44.98,45.0,44.96,0.0,0.0,0.0,0.0,5
1037,87.78562556149768,mo_Bid,44.99,44.98,45.0,44.96,0.0,0.0,0.0,0.0,5
1038,87.7856366474622,lo_top_Bid,44.99,44.98,45.0,44.96,0.0,0.0,0.0,0.0,5
1039,87.7856769715993,mo_Bid,44.99,44.98,45.0,44.96,0.0,0.0,0.0,0.0,5
1040,87.78570352746017,lo_top_Bid,44.99,44.98,45.0,44.96,0.0,0.0,0.0,0.0,5
1041,87.78570657726148,co_top_Bid,44.99,44.98,45.0,44.96,0.0,0.0,0.0,0.0,5
1042,87.78574460192667,mo_Bid,44.99,44.98,45.0,44.96,0.0,0.0,0.0,0.0,5
1043,87.7857461000453,co_top_Bid,44.99,44.98,45.0,44.96,0.0,0.0,0.0,0.0,5
1044,87.78576641454941,co_top_Bid,44.99,44.98,45.0,44.96,0.0,0.0,0.0,0.0,5
1045,87.7857932166189,co_top_Bid,44.99,44.98,45.0,44.96,0.0,0.0,0.0,0.0,5
1046,87.78579353375417,mo_Bid,44.99,44.98,45.0,44.96,0.0,0.0,0.0,0.0,5
1047,87.78584123650752,mo_Bid,44.99,44.98,45.0,44.96,0.0,0.0,0.0,0.0,5
1048,87.78588114947507,co_top_Bid,44.99,44.98,45.0,44.96,0.0,0.0,0.0,0.0,5
1049,87.78590058477612,co_top_Bid,44.99,44.98,45.0,44.96,0.0,0.0,0.0,0.0,5
1050,87.7859442738605,lo_top_Bid,44.99,44.98,45.0,44.96,0.0,0.0,0.0,0.0,5
1051,87.78599816154959,co_top_Bid,44.99,44.98,45.0,44.96,0.0,0.0,0.0,0.0,5
1052,87.7860039356756,co_top_Bid,44.99,44.98,45.0,44.96,0.0,0.0,0.0,0.0,5
1053,87.78600751274887,co_top_Bid,44.99,44.98,45.0,44.96,0.0,0.0,0.0,0.0,5
1054,87.78605781176005,co_top_Bid,44.99,44.98,45.0,44.96,0.0,0.0,0.0,0.0,5
1055,87.78608383151929,mo_Bid,44.99,44.98,45.0,44.96,0.0,0.0,0.0,0.0,5
1056,87.7860989094949,mo_Bid,44.99,44.98,45.0,44.96,0.0,0.0,0.0,0.0,5
1057,87.78610769568036,mo_Bid,44.99,44.98,45.0,44.96,0.0,0.0,0.0,0.0,5
1058,87.78618807684376,mo_Bid,44.99,44.98,45.0,44.96,0.0,0.0,0.0,0.0,5
1059,87.78629790231642,mo_Bid,44.99,44.98,45.0,44.96,0.0,0.0,0.0,0.0,5
1060,87.78633528257977,lo_top_Bid,44.99,44.98,45.0,44.96,0.0,0.0,0.0,0.0,5
1061,87.78706365939442,mo_Bid,44.99,44.98,45.0,44.96,0.0,0.0,0.0,0.0,5
1062,87.78706564015451,mo_Bid,44.99,44.98,45.0,44.96,0.0,0.0,0.0,0.0,5
1063,87.78795546901748,mo_Bid,44.99,44.98,45.0,44.96,0.0,0.0,0.0,0.0,5
1064,87.78799906750584,mo_Bid,44.99,44.98,45.0,44.96,0.0,0.0,0.0,0.0,5
1065,87.78852625296359,mo_Bid,44.99,44.98,45.0,44.96,0.0,0.0,0.0,0.0,5
1066,87.78886359479156,mo_Bid,44.99,44.98,45.0,44.96,0.0,0.0,0.0,0.0,5
1067,87.7890719629011,mo_Bid,44.99,44.98,45.0,44.96,0.0,0.0,0.0,0.0,5
1068,87.78966085006628,lo_top_Bid,44.99,44.98,45.0,44.96,0.0,0.0,0.0,0.0,5
1069,87.78971184270274,mo_Bid,44.99,44.98,45.0,44.96,0.0,0.0,0.0,0.0,5
1070,87.78973798123842,mo_Bid,44.99,44.98,45.0,44.96,0.0,0.0,0.0,0.0,5
1071,87.79025572220748,lo_top_Bid,44.99,44.98,45.0,44.96,0.0,0.0,0.0,0.0,5
1072,87.79075950957936,mo_Bid,44.99,44.98,45.0,44.96,0.0,0.0,0.0,0.0,5
1073,87.79083477366953,lo_top_Bid,44.99,44.98,45.0,44.96,0.0,0.0,0.0,0.0,5
1074,87.7909229736342,co_deep_Bid,44.99,44.98,45.0,44.96,0.0,0.0,0.0,0.0,5
1075,87.79093658507907,lo_top_Bid,44.99,44.98,45.0,44.96,0.0,0.0,0.0,0.0,5
1076,87.79105179688175,lo_top_Bid,44.99,44.98,45.0,44.96,0.0,0.0,0.0,0.0,5
1077,87.79126215997003,co_deep_Bid,44.99,44.98,45.0,44.96,0.0,0.0,0.0,0.0,5
1078,87.7912923108134,lo_top_Bid,44.99,44.98,45.0,44.96,0.0,0.0,0.0,0.0,5
1079,87.7913051671611,lo_top_Bid,44.99,44.98,45.0,44.96,0.0,0.0,0.0,0.0,5
1080,87.79134740626264,co_deep_Bid,44.99,44.98,45.0,44.96,0.0,0.0,0.0,0.0,5
1081,87.79142261035632,co_top_Bid,44.99,44.98,45.0,44.96,0.0,0.0,0.0,0.0,5
1082,87.79148473214968,lo_top_Bid,44.99,44.98,45.0,44.96,0.0,0.0,0.0,0.0,5
1083,87.79153208730627,co_deep_Bid,44.99,44.98,45.0,44.96,0.0,0.0,0.0,0.0,5
1084,87.79171172586538,lo_top_Bid,44.99,44.98,45.0,44.96,0.0,0.0,0.0,0.0,5
1085,87.79171335332003,lo_top_Bid,44.99,44.98,45.0,44.96,0.0,0.0,0.0,0.0,5
1086,87.79231777405577,co_deep_Bid,44.99,44.98,45.0,44.96,0.0,0.0,0.0,0.0,5
1087,87.79243552533678,co_deep_Bid,44.99,44.98,45.0,44.96,0.0,0.0,0.0,0.0,5
1088,87.7924406159852,lo_top_Bid,44.99,44.98,45.0,44.96,0.0,0.0,0.0,0.0,5
1089,87.79315777529008,lo_top_Bid,44.99,44.98,45.0,44.96,0.0,0.0,0.0,0.0,5
1090,87.79316111865585,co_top_Bid,44.99,44.98,45.0,44.96,0.0,0.0,0.0,0.0,5
1091,87.79316659770171,co_top_Bid,44.99,44.98,45.0,44.96,0.0,0.0,0.0,0.0,5
1092,87.79327624803895,mo_Bid,44.99,44.98,45.0,44.96,0.0,0.0,0.0,0.0,5
1093,87.79333981498405,co_deep_Bid,44.99,44.98,45.0,44.96,0.0,0.0,0.0,0.0,5
1094,87.79342450442789,lo_top_Bid,44.99,44.98,45.0,44.96,0.0,0.0,0.0,0.0,5
1095,87.79343698579046,lo_top_Bid,44.99,44.98,45.0,44.96,0.0,0.0,0.0,0.0,5
1096,87.79358312524994,co_top_Bid,44.99,44.98,45.0,44.96,0.0,0.0,0.0,0.0,5
1097,87.79363329840231,co_top_Bid,44.99,44.98,45.0,44.96,0.0,0.0,0.0,0.0,5
1098,87.7939624849034,lo_top_Bid,44.99,44.98,45.0,44.96,0.0,0.0,0.0,0.0,5
1099,87.79401223491872,co_deep_Bid,44.99,44.98,45.0,44.96,0.0,0.0,0.0,0.0,5
1100,87.79403684331054,co_deep_Bid,44.99,44.98,45.0,44.96,0.0,0.0,0.0,0.0,5
1101,87.79403857098167,co_deep_Bid,44.99,44.98,45.0,44.96,0.0,0.0,0.0,0.0,5
1102,87.79463428305907,lo_top_Bid,44.99,44.98,45.0,44.96,0.0,0.0,0.0,0.0,5
1103,87.79467402704624,co_deep_Bid,44.99,44.98,45.0,44.96,0.0,0.0,0.0,0.0,5
1104,87.794737543098,lo_top_Bid,44.99,44.98,45.0,44.96,0.0,0.0,0.0,0.0,5
1105,87.79474810861005,co_deep_Bid,44.99,44.98,45.0,44.96,0.0,0.0,0.0,0.0,5
1106,87.79478844484012,co_deep_Bid,44.99,44.98,45.0,44.96,0.0,0.0,0.0,0.0,5
1107,87.79493147926253,lo_top_Bid,44.99,44.98,45.0,44.96,0.0,0.0,0.0,0.0,5
1108,87.79496887330534,lo_top_Bid,44.99,44.98,45.0,44.96,0.0,0.0,0.0,0.0,5
1109,87.79519434776404,lo_top_Bid,44.99,44.98,45.0,44.96,0.0,0.0,0.0,0.0,5
1110,87.79520306141403,lo_top_Bid,44.99,44.98,45.0,44.96,0.0,0.0,0.0,0.0,5
1111,87.7952154153556,co_top_Bid,44.99,44.98,45.0,44.96,0.0,0.0,0.0,0.0,5
1112,87.79528567874064,co_deep_Bid,44.99,44.98,45.0,44.96,0.0,0.0,0.0,0.0,5
1113,87.79532404886692,lo_top_Bid,44.99,44.98,45.0,44.96,0.0,0.0,0.0,0.0,5
1114,87.79534756781227,co_top_Bid,44.99,44.98,45.0,44.96,0.0,0.0,0.0,0.0,5
1115,87.79537636496818,co_top_Bid,44.99,44.98,45.0,44.96,0.0,0.0,0.0,0.0,5
1116,87.79540593430433,lo_top_Bid,44.99,44.98,45.0,44.96,0.0,0.0,0.0,0.0,5
1117,87.79541573622414,co_top_Bid,44.99,44.98,45.0,44.96,0.0,0.0,0.0,0.0,5
1118,87.79541651389381,co_top_Bid,44.99,44.98,45.0,44.96,0.0,0.0,0.0,0.0,5
1119,87.79595124501651,lo_top_Bid,44.99,44.98,45.0,44.96,0.0,0.0,0.0,0.0,5
1120,87.7960983670225,co_deep_Bid,44.99,44.98,45.0,44.96,0.0,0.0,0.0,0.0,5
1121,87.79696795714403,lo_top_Bid,44.99,44.98,45.0,44.96,0.0,0.0,0.0,0.0,5
1122,87.79725569833354,co_top_Bid,44.99,44.98,45.0,44.96,0.0,0.0,0.0,0.0,5
1123,87.79729224507606,mo_Ask,45.0,44.98,45.01,44.96,0.0,0.00999999999999801,0.0,0.00999999999999801,5
1124,87.79732960726608,co_top_Bid,45.0,44.98,45.01,44.96,0.0,0.0,0.0,0.0,5
1125,87.7974228250423,lo_top_Bid,45.0,44.98,45.01,44.96,0.0,0.0,0.0,0.0,5
1126,87.79745774637804,co_deep_Bid,45.0,44.98,45.01,44.95,0.0,0.0,-0.00999999999999801,0.0,5
1127,87.79769779893535,co_deep_Bid,45.0,44.98,45.01,44.95,0.0,0.0,0.0,0.0,5
1128,87.79842655980623,lo_top_Bid,45.0,44.98,45.01,44.95,0.0,0.0,0.0,0.0,5
1129,87.80361327564626,co_deep_Bid,45.0,44.98,45.01,44.95,0.0,0.0,0.0,0.0,5
1130,87.80377802228429,co_deep_Bid,45.0,44.98,45.01,44.95,0.0,0.0,0.0,0.0,5
1131,87.80379035996627,co_deep_Bid,45.0,44.98,45.01,44.95,0.0,0.0,0.0,0.0,5
1132,87.80381851259722,lo_deep_Bid,45.0,44.98,45.01,44.97,0.0,0.0,0.01999999999999602,0.0,5
1133,87.80394134489705,lo_deep_Bid,45.0,44.98,45.01,44.97,0.0,0.0,0.0,0.0,5
1134,87.80395453080938,lo_top_Bid,45.0,44.98,45.01,44.97,0.0,0.0,0.0,0.0,5
1135,87.80396375979241,lo_top_Bid,45.0,44.98,45.01,44.97,0.0,0.0,0.0,0.0,5
1136,87.80399265245299,co_deep_Bid,45.0,44.98,45.01,44.97,0.0,0.0,0.0,0.0,5
1137,87.80399634178774,lo_top_Bid,45.0,44.98,45.01,44.97,0.0,0.0,0.0,0.0,5
1138,87.80411640139977,lo_top_Bid,45.0,44.98,45.01,44.97,0.0,0.0,0.0,0.0,5
1139,87.80412733890756,co_deep_Bid,45.0,44.98,45.01,44.96,0.0,0.0,-0.00999999999999801,0.0,5
1140,87.80430988011977,co_deep_Bid,45.0,44.98,45.01,44.96,0.0,0.0,0.0,0.0,5
1141,87.80448661370517,lo_top_Bid,45.0,44.98,45.01,44.96,0.0,0.0,0.0,0.0,5
1142,87.8045818534085,co_deep_Bid,45.0,44.98,45.01,44.96,0.0,0.0,0.0,0.0,5
1143,87.80524588727546,lo_top_Bid,45.0,44.98,45.01,44.96,0.0,0.0,0.0,0.0,5
1144,87.80528298111386,co_top_Bid,45.0,44.98,45.01,44.96,0.0,0.0,0.0,0.0,5
1145,87.8052952028198,co_top_Bid,45.0,44.98,45.01,44.96,0.0,0.0,0.0,0.0,5
1146,87.80533633928613,lo_top_Bid,45.0,44.98,45.01,44.96,0.0,0.0,0.0,0.0,5
1147,87.80533977093675,co_top_Bid,45.0,44.98,45.01,44.96,0.0,0.0,0.0,0.0,5
1148,87.8053917131663,lo_top_Bid,45.0,44.98,45.01,44.96,0.0,0.0,0.0,0.0,5
1149,87.80548406389761,mo_Ask,45.0,44.98,45.01,44.96,0.0,0.0,0.0,0.0,5
1150,87.80554011515704,mo_Ask,45.01,44.98,45.02,44.96,0.0,0.00999999999999801,0.0,0.010000000000005116,5
1151,87.80554711010977,co_top_Bid,45.01,44.98,45.02,44.96,0.0,0.0,0.0,0.0,5
1152,87.80562353356095,co_top_Bid,45.01,44.98,45.02,44.96,0.0,0.0,0.0,0.0,5
1153,87.80563835817986,lo_top_Bid,45.01,44.98,45.02,44.96,0.0,0.0,0.0,0.0,5
1154,87.80564574026853,co_top_Bid,45.01,44.98,45.02,44.96,0.0,0.0,0.0,0.0,5
1155,87.80570825577509,lo_top_Bid,45.01,44.98,45.02,44.96,0.0,0.0,0.0,0.0,5
1156,87.80573544318287,mo_Bid,45.01,44.98,45.02,44.96,0.0,0.0,0.0,0.0,5
1157,87.8057480376955,mo_Bid,45.01,44.98,45.02,44.96,0.0,0.0,0.0,0.0,5
1158,87.80579647939189,lo_inspread_Bid,45.01,44.99,45.02,44.98,0.010000000000005116,0.0,0.01999999999999602,0.0,5
1159,87.80586356337184,lo_inspread_Bid,45.01,45.0,45.02,44.99,0.00999999999999801,0.0,0.010000000000005116,0.0,5
1160,87.80593325995399,co_top_Bid,45.01,44.99,45.02,44.98,-0.00999999999999801,0.0,-0.010000000000005116,0.0,5
1161,87.80599465587052,lo_top_Bid,45.01,44.99,45.02,44.98,0.0,0.0,0.0,0.0,5
1162,87.8060089056795,lo_top_Bid,45.01,44.99,45.02,44.98,0.0,0.0,0.0,0.0,5
1163,87.80602573654863,lo_inspread_Bid,45.01,45.0,45.02,44.99,0.00999999999999801,0.0,0.010000000000005116,0.0,5
1164,87.80604169644918,co_top_Bid,45.01,44.99,45.02,44.98,-0.00999999999999801,0.0,-0.010000000000005116,0.0,5
1165,87.80607215278486,lo_top_Bid,45.01,44.99,45.02,44.98,0.0,0.0,0.0,0.0,5
1166,87.80607752131318,lo_top_Bid,45.01,44.99,45.02,44.98,0.0,0.0,0.0,0.0,5
1167,87.80609803292418,co_top_Bid,45.01,44.99,45.02,44.98,0.0,0.0,0.0,0.0,5
1168,87.80610026421239,lo_top_Bid,45.01,44.99,45.02,44.98,0.0,0.0,0.0,0.0,5
1169,87.80610709188042,lo_top_Bid,45.01,44.99,45.02,44.98,0.0,0.0,0.0,0.0,5
1170,87.80612096592012,lo_top_Bid,45.01,44.99,45.02,44.98,0.0,0.0,0.0,0.0,5
1171,87.80614290831105,co_deep_Bid,45.01,44.99,45.02,44.98,0.0,0.0,0.0,0.0,5
1172,87.80614337550749,co_deep_Bid,45.01,44.99,45.02,44.98,0.0,0.0,0.0,0.0,5
1173,87.80623073843266,lo_top_Bid,45.01,44.99,45.02,44.98,0.0,0.0,0.0,0.0,5
1174,87.80624029010102,co_top_Bid,45.01,44.99,45.02,44.98,0.0,0.0,0.0,0.0,5
1175,87.8064870802555,lo_top_Bid,45.01,44.99,45.02,44.98,0.0,0.0,0.0,0.0,5
1176,87.80657604190915,lo_top_Bid,45.01,44.99,45.02,44.98,0.0,0.0,0.0,0.0,5
1177,87.80662726595979,lo_inspread_Bid,45.01,45.0,45.02,44.99,0.00999999999999801,0.0,0.010000000000005116,0.0,5
1178,87.80669195234083,lo_top_Bid,45.01,45.0,45.02,44.99,0.0,0.0,0.0,0.0,5
1179,87.80692922363198,lo_top_Bid,45.01,45.0,45.02,44.99,0.0,0.0,0.0,0.0,5
1180,87.8069604911983,co_top_Bid,45.01,45.0,45.02,44.99,0.0,0.0,0.0,0.0,5
1181,87.80705425902252,mo_Bid,45.01,44.99,45.02,44.98,-0.00999999999999801,0.0,-0.010000000000005116,0.0,5
1182,87.80721264681327,lo_top_Bid,45.01,44.99,45.02,44.98,0.0,0.0,0.0,0.0,5
1183,87.80727401177005,lo_top_Bid,45.01,44.99,45.02,44.98,0.0,0.0,0.0,0.0,5
1184,87.807393216609,lo_top_Bid,45.01,44.99,45.02,44.98,0.0,0.0,0.0,0.0,5
1185,87.80739926644621,co_top_Bid,45.01,44.99,45.02,44.98,0.0,0.0,0.0,0.0,5
1186,87.80758775274307,co_deep_Bid,45.01,44.99,45.02,44.98,0.0,0.0,0.0,0.0,5
1187,87.807746010669,mo_Bid,45.01,44.99,45.02,44.98,0.0,0.0,0.0,0.0,5
1188,87.80776465094357,lo_top_Bid,45.01,44.99,45.02,44.98,0.0,0.0,0.0,0.0,5
1189,87.8077826717161,lo_top_Bid,45.01,44.99,45.02,44.98,0.0,0.0,0.0,0.0,5
1190,87.80780309587425,lo_inspread_Bid,45.01,45.0,45.02,44.99,0.00999999999999801,0.0,0.010000000000005116,0.0,5
1191,87.8083251852667,lo_top_Bid,45.01,45.0,45.02,44.99,0.0,0.0,0.0,0.0,5
1192,87.8084026865166,lo_top_Bid,45.01,45.0,45.02,44.99,0.0,0.0,0.0,0.0,5
1193,87.80881712444258,co_top_Bid,45.01,45.0,45.02,44.99,0.0,0.0,0.0,0.0,5
1194,87.80886615777652,co_top_Bid,45.01,45.0,45.02,44.99,0.0,0.0,0.0,0.0,5
1195,87.80920322045972,mo_Bid,45.01,45.0,45.02,44.99,0.0,0.0,0.0,0.0,5
1196,87.80934605988843,mo_Bid,45.01,45.0,45.02,44.99,0.0,0.0,0.0,0.0,5
1197,87.80947003480212,mo_Bid,45.01,45.0,45.02,44.99,0.0,0.0,0.0,0.0,5
1198,87.80951011704828,lo_top_Bid,45.01,45.0,45.02,44.99,0.0,0.0,0.0,0.0,5
1199,87.80969499645413,mo_Bid,45.01,45.0,45.02,44.99,0.0,0.0,0.0,0.0,5
1200,87.80984928864784,mo_Bid,45.01,45.0,45.02,44.99,0.0,0.0,0.0,0.0,5
1201,87.80992990782102,mo_Bid,45.01,44.99,45.02,44.98,-0.00999999999999801,0.0,-0.010000000000005116,0.0,5
1202,87.81001613513187,lo_inspread_Bid,45.01,45.0,45.02,44.99,0.00999999999999801,0.0,0.010000000000005116,0.0,5
1203,87.81002967899035,mo_Bid,45.01,45.0,45.02,44.99,0.0,0.0,0.0,0.0,5
1204,87.8100612057857,lo_top_Bid,45.01,45.0,45.02,44.99,0.0,0.0,0.0,0.0,5
1205,87.81018471150027,mo_Bid,45.01,45.0,45.02,44.99,0.0,0.0,0.0,0.0,5
1206,87.81019730760046,mo_Bid,45.01,44.99,45.02,44.98,-0.00999999999999801,0.0,-0.010000000000005116,0.0,5
1207,87.8102209121796,lo_inspread_Bid,45.01,45.0,45.02,44.99,0.00999999999999801,0.0,0.010000000000005116,0.0,5
1208,87.81029726711766,mo_Bid,45.01,44.99,45.02,44.98,-0.00999999999999801,0.0,-0.010000000000005116,0.0,5
1209,87.81039805157974,mo_Bid,45.01,44.99,45.02,44.98,0.0,0.0,0.0,0.0,5
1210,87.81041589925043,lo_inspread_Bid,45.01,45.0,45.02,44.99,0.00999999999999801,0.0,0.010000000000005116,0.0,5
1211,87.81160447427844,mo_Bid,45.01,44.99,45.02,44.98,-0.00999999999999801,0.0,-0.010000000000005116,0.0,5
1212,87.81192814768748,lo_top_Bid,45.01,44.99,45.02,44.98,0.0,0.0,0.0,0.0,5
1213,87.81335121958904,lo_inspread_Bid,45.01,45.0,45.02,44.99,0.00999999999999801,0.0,0.010000000000005116,0.0,5
1214,87.81667902076644,mo_Bid,45.01,45.0,45.02,44.99,0.0,0.0,0.0,0.0,5
1215,87.8169619859832,lo_top_Bid,45.01,45.0,45.02,44.99,0.0,0.0,0.0,0.0,5
1216,87.81700009048869,lo_top_Bid,45.01,45.0,45.02,44.99,0.0,0.0,0.0,0.0,5
1217,87.81708235222438,co_top_Bid,45.01,45.0,45.02,44.99,0.0,0.0,0.0,0.0,5
1218,87.81708808689953,lo_top_Bid,45.01,45.0,45.02,44.99,0.0,0.0,0.0,0.0,5
1219,87.81710417683335,lo_top_Bid,45.01,45.0,45.02,44.99,0.0,0.0,0.0,0.0,5
1220,87.81716669061043,lo_top_Bid,45.01,45.0,45.02,44.99,0.0,0.0,0.0,0.0,5
1221,87.81728329882216,co_deep_Bid,45.01,45.0,45.02,44.99,0.0,0.0,0.0,0.0,5
1222,87.8175405095183,co_top_Bid,45.01,45.0,45.02,44.99,0.0,0.0,0.0,0.0,5
1223,87.81803290084405,lo_top_Bid,45.01,45.0,45.02,44.99,0.0,0.0,0.0,0.0,5
1224,87.81808710876868,lo_top_Bid,45.01,45.0,45.02,44.99,0.0,0.0,0.0,0.0,5
1225,87.81822131323025,co_top_Bid,45.01,45.0,45.02,44.99,0.0,0.0,0.0,0.0,5
1226,87.81870422382885,lo_top_Bid,45.01,45.0,45.02,44.99,0.0,0.0,0.0,0.0,5
1227,87.81981767119771,co_top_Bid,45.01,45.0,45.02,44.99,0.0,0.0,0.0,0.0,5
1228,87.82094420839945,lo_top_Bid,45.01,45.0,45.02,44.99,0.0,0.0,0.0,0.0,5
1229,87.82321090247378,lo_top_Bid,45.01,45.0,45.02,44.99,0.0,0.0,0.0,0.0,5
1230,87.82328672538318,co_deep_Bid,45.01,45.0,45.02,44.99,0.0,0.0,0.0,0.0,5
1231,87.82356216107762,lo_top_Bid,45.01,45.0,45.02,44.99,0.0,0.0,0.0,0.0,5
1232,87.82360085894214,lo_top_Bid,45.01,45.0,45.02,44.99,0.0,0.0,0.0,0.0,5
1233,87.82400802044924,co_deep_Bid,45.01,45.0,45.02,44.99,0.0,0.0,0.0,0.0,5
1234,87.8243718546346,co_deep_Bid,45.01,45.0,45.02,44.99,0.0,0.0,0.0,0.0,5
1235,87.84062233717366,lo_top_Bid,45.01,45.0,45.02,44.99,0.0,0.0,0.0,0.0,5
1236,87.84121194765474,co_deep_Bid,45.01,45.0,45.02,44.99,0.0,0.0,0.0,0.0,5
1237,87.87015439900944,lo_top_Bid,45.01,45.0,45.02,44.99,0.0,0.0,0.0,0.0,5
1238,87.87016754324992,co_top_Bid,45.01,45.0,45.02,44.99,0.0,0.0,0.0,0.0,5
1239,87.87032768514653,co_top_Bid,45.01,45.0,45.02,44.99,0.0,0.0,0.0,0.0,5
1240,87.8704799974188,mo_Bid,45.01,45.0,45.02,44.99,0.0,0.0,0.0,0.0,5
1241,87.87069770946118,lo_top_Bid,45.01,45.0,45.02,44.99,0.0,0.0,0.0,0.0,5
1242,87.87073633073494,lo_top_Bid,45.01,45.0,45.02,44.99,0.0,0.0,0.0,0.0,5
