,Time,event,Ask Price 1,Bid Price 1,Ask Price 2,Bid Price 2,BidDiff,AskDiff,BidDiff2,AskDiff2,Date
0,0.5167751410246019,lo_inspread_Ask,45.01,44.97,45.02,44.96,,,,,1
1,0.5169389743306319,lo_inspread_Ask,45.0,44.97,45.01,44.96,0.0,-0.00999999999999801,0.0,-0.010000000000005116,1
2,0.5169456398319808,lo_inspread_Ask,44.99,44.97,45.0,44.96,0.0,-0.00999999999999801,0.0,-0.00999999999999801,1
3,0.517012130600136,lo_inspread_Bid,44.99,44.98,45.0,44.97,0.00999999999999801,0.0,0.00999999999999801,0.0,1
4,0.5170546283932996,co_top_Bid,44.99,44.97,45.0,44.96,-0.00999999999999801,0.0,-0.00999999999999801,0.0,1
5,0.5171153228303641,co_deep_Bid,44.99,44.97,45.0,44.96,0.0,0.0,0.0,0.0,1
6,0.5171804874355591,co_deep_Bid,44.99,44.97,45.0,44.96,0.0,0.0,0.0,0.0,1
7,0.5172894138622158,co_deep_Bid,44.99,44.97,45.0,44.96,0.0,0.0,0.0,0.0,1
8,0.5172914300744476,co_deep_Bid,44.99,44.97,45.0,44.96,0.0,0.0,0.0,0.0,1
9,0.5173100417227532,lo_top_Bid,44.99,44.97,45.0,44.96,0.0,0.0,0.0,0.0,1
10,0.5173894665294388,co_deep_Bid,44.99,44.97,45.0,44.96,0.0,0.0,0.0,0.0,1
11,0.5174064923546801,co_deep_Bid,44.99,44.97,45.0,44.96,0.0,0.0,0.0,0.0,1
12,0.5174099891430837,co_deep_Bid,44.99,44.97,45.0,44.96,0.0,0.0,0.0,0.0,1
13,0.5174266088829569,lo_inspread_Ask,44.98,44.97,44.99,44.96,0.0,-0.010000000000005116,0.0,-0.00999999999999801,1
14,0.5174686567413143,co_deep_Bid,44.98,44.97,44.99,44.96,0.0,0.0,0.0,0.0,1
15,0.5175025055622178,lo_top_Bid,44.98,44.97,44.99,44.96,0.0,0.0,0.0,0.0,1
16,0.5175131950229996,co_deep_Bid,44.98,44.97,44.99,44.96,0.0,0.0,0.0,0.0,1
17,0.5175824888305705,lo_deep_Bid,44.98,44.97,44.99,44.96,0.0,0.0,0.0,0.0,1
18,0.5176339684811795,lo_deep_Bid,44.98,44.97,44.99,44.96,0.0,0.0,0.0,0.0,1
19,0.5177582983577353,lo_top_Bid,44.98,44.97,44.99,44.96,0.0,0.0,0.0,0.0,1
20,0.5177849015016683,lo_deep_Bid,44.98,44.97,44.99,44.96,0.0,0.0,0.0,0.0,1
21,0.517808504194126,lo_top_Bid,44.98,44.97,44.99,44.96,0.0,0.0,0.0,0.0,1
22,0.5178161403698388,lo_deep_Bid,44.98,44.97,44.99,44.96,0.0,0.0,0.0,0.0,1
23,0.51786085559503,mo_Bid,44.98,44.97,44.99,44.96,0.0,0.0,0.0,0.0,1
24,0.5179163059461618,lo_deep_Bid,44.98,44.97,44.99,44.96,0.0,0.0,0.0,0.0,1
25,0.5179450536778084,lo_top_Bid,44.98,44.97,44.99,44.96,0.0,0.0,0.0,0.0,1
26,0.5179688796527775,lo_top_Bid,44.98,44.97,44.99,44.96,0.0,0.0,0.0,0.0,1
27,0.5180492185941317,lo_deep_Bid,44.98,44.97,44.99,44.96,0.0,0.0,0.0,0.0,1
28,0.5181180933370122,lo_top_Bid,44.98,44.97,44.99,44.96,0.0,0.0,0.0,0.0,1
29,0.5183216005902919,lo_top_Bid,44.98,44.97,44.99,44.96,0.0,0.0,0.0,0.0,1
30,0.5183605441578377,co_top_Ask,44.99,44.97,45.0,44.96,0.0,0.010000000000005116,0.0,0.00999999999999801,1
31,0.5184627055464964,lo_deep_Bid,44.99,44.97,45.0,44.96,0.0,0.0,0.0,0.0,1
32,0.5190814657263582,lo_deep_Bid,44.99,44.97,45.0,44.96,0.0,0.0,0.0,0.0,1
33,0.5202915729621675,lo_deep_Bid,44.99,44.97,45.0,44.96,0.0,0.0,0.0,0.0,1
34,0.5204098387857832,lo_deep_Bid,44.99,44.97,45.0,44.96,0.0,0.0,0.0,0.0,1
35,0.5204243016326695,lo_deep_Bid,44.99,44.97,45.0,44.96,0.0,0.0,0.0,0.0,1
36,0.520466369135364,lo_deep_Bid,44.99,44.97,45.0,44.96,0.0,0.0,0.0,0.0,1
37,0.5205195752494454,lo_top_Bid,44.99,44.97,45.0,44.96,0.0,0.0,0.0,0.0,1
38,0.5208820415337342,lo_deep_Bid,44.99,44.97,45.0,44.96,0.0,0.0,0.0,0.0,1
39,0.5210417146404508,lo_deep_Bid,44.99,44.97,45.0,44.96,0.0,0.0,0.0,0.0,1
40,0.5284820980020053,lo_deep_Bid,44.99,44.97,45.0,44.96,0.0,0.0,0.0,0.0,1
41,0.5314055461267895,lo_deep_Bid,44.99,44.97,45.0,44.96,0.0,0.0,0.0,0.0,1
42,0.5317362182968528,lo_deep_Bid,44.99,44.97,45.0,44.96,0.0,0.0,0.0,0.0,1
43,0.5318903810338297,lo_deep_Bid,44.99,44.97,45.0,44.96,0.0,0.0,0.0,0.0,1
44,0.5319795849350953,lo_deep_Bid,44.99,44.97,45.0,44.96,0.0,0.0,0.0,0.0,1
45,0.5321195063800599,lo_deep_Bid,44.99,44.97,45.0,44.96,0.0,0.0,0.0,0.0,1
46,0.5322341307483535,lo_deep_Bid,44.99,44.97,45.0,44.96,0.0,0.0,0.0,0.0,1
47,0.5323349411306814,lo_deep_Bid,44.99,44.97,45.0,44.96,0.0,0.0,0.0,0.0,1
48,0.5324549216210279,lo_deep_Bid,44.99,44.97,45.0,44.96,0.0,0.0,0.0,0.0,1
49,0.5325767479514786,lo_top_Bid,44.99,44.97,45.0,44.96,0.0,0.0,0.0,0.0,1
50,0.5326354448872808,lo_deep_Bid,44.99,44.97,45.0,44.96,0.0,0.0,0.0,0.0,1
51,0.5326791951488385,lo_deep_Bid,44.99,44.97,45.0,44.96,0.0,0.0,0.0,0.0,1
52,0.5327278369819358,lo_deep_Bid,44.99,44.97,45.0,44.96,0.0,0.0,0.0,0.0,1
53,0.5327870074676506,lo_deep_Bid,44.99,44.97,45.0,44.96,0.0,0.0,0.0,0.0,1
54,0.532892620500112,lo_top_Bid,44.99,44.97,45.0,44.96,0.0,0.0,0.0,0.0,1
55,0.532908493849307,lo_top_Bid,44.99,44.97,45.0,44.96,0.0,0.0,0.0,0.0,1
56,0.5329425272628691,lo_top_Bid,44.99,44.97,45.0,44.96,0.0,0.0,0.0,0.0,1
57,0.5330584875253056,lo_top_Bid,44.99,44.97,45.0,44.96,0.0,0.0,0.0,0.0,1
58,0.5331003912769107,lo_deep_Bid,44.99,44.97,45.0,44.96,0.0,0.0,0.0,0.0,1
59,0.5332826644815337,lo_top_Bid,44.99,44.97,45.0,44.96,0.0,0.0,0.0,0.0,1
60,0.5333463975079403,lo_top_Bid,44.99,44.97,45.0,44.96,0.0,0.0,0.0,0.0,1
61,0.5333893641287013,lo_top_Bid,44.99,44.97,45.0,44.96,0.0,0.0,0.0,0.0,1
62,0.5334562992680657,lo_top_Bid,44.99,44.97,45.0,44.96,0.0,0.0,0.0,0.0,1
63,0.533666294937851,lo_top_Bid,44.99,44.97,45.0,44.96,0.0,0.0,0.0,0.0,1
64,0.5337083515496895,lo_top_Bid,44.99,44.97,45.0,44.96,0.0,0.0,0.0,0.0,1
65,0.5339199476359194,lo_top_Bid,44.99,44.97,45.0,44.96,0.0,0.0,0.0,0.0,1
66,0.5348438402249712,lo_deep_Bid,44.99,44.97,45.0,44.96,0.0,0.0,0.0,0.0,1
67,0.5350374778618376,lo_deep_Bid,44.99,44.97,45.0,44.96,0.0,0.0,0.0,0.0,1
68,0.535096698845174,mo_Bid,44.99,44.97,45.0,44.96,0.0,0.0,0.0,0.0,1
69,0.5550251350287883,co_deep_Bid,44.99,44.97,45.0,44.96,0.0,0.0,0.0,0.0,1
70,0.5553906647873661,co_deep_Bid,44.99,44.97,45.0,44.96,0.0,0.0,0.0,0.0,1
71,0.5555642798987613,lo_deep_Bid,44.99,44.97,45.0,44.96,0.0,0.0,0.0,0.0,1
72,0.5555663450630872,lo_deep_Bid,44.99,44.97,45.0,44.96,0.0,0.0,0.0,0.0,1
73,0.5564204933029806,lo_deep_Bid,44.99,44.97,45.0,44.96,0.0,0.0,0.0,0.0,1
74,0.5567525642216511,lo_deep_Bid,44.99,44.97,45.0,44.96,0.0,0.0,0.0,0.0,1
75,0.5569212025235956,lo_deep_Bid,44.99,44.97,45.0,44.96,0.0,0.0,0.0,0.0,1
76,0.8044274502288244,lo_deep_Bid,44.99,44.97,45.0,44.96,0.0,0.0,0.0,0.0,1
77,0.8044692048177714,lo_deep_Bid,44.99,44.97,45.0,44.96,0.0,0.0,0.0,0.0,1
78,0.8932731888920658,co_deep_Ask,44.99,44.97,45.0,44.96,0.0,0.0,0.0,0.0,1
79,1.9051349926516845,co_deep_Ask,44.99,44.97,45.0,44.96,0.0,0.0,0.0,0.0,1
80,1.9051619552253227,co_deep_Ask,44.99,44.97,45.0,44.96,0.0,0.0,0.0,0.0,1
81,1.9051704972915176,co_deep_Ask,44.99,44.97,45.0,44.96,0.0,0.0,0.0,0.0,1
82,1.9051717815584477,co_deep_Ask,44.99,44.97,45.0,44.96,0.0,0.0,0.0,0.0,1
83,1.9052680808622344,co_deep_Ask,44.99,44.97,45.0,44.96,0.0,0.0,0.0,0.0,1
84,1.9052703784313416,co_deep_Ask,44.99,44.97,45.0,44.96,0.0,0.0,0.0,0.0,1
85,1.9052942391726633,lo_top_Ask,44.99,44.97,45.0,44.96,0.0,0.0,0.0,0.0,1
86,1.9053723124895563,co_deep_Ask,44.99,44.97,45.0,44.96,0.0,0.0,0.0,0.0,1
87,1.9053924874774066,co_deep_Ask,44.99,44.97,45.0,44.96,0.0,0.0,0.0,0.0,1
88,1.905393431843273,lo_top_Ask,44.99,44.97,45.0,44.96,0.0,0.0,0.0,0.0,1
89,1.9057598845512118,co_deep_Ask,44.99,44.97,45.01,44.96,0.0,0.0,0.0,0.00999999999999801,1
90,1.9059165325638043,co_deep_Ask,44.99,44.97,45.01,44.96,0.0,0.0,0.0,0.0,1
91,1.9063123015391992,co_deep_Ask,44.99,44.97,45.01,44.96,0.0,0.0,0.0,0.0,1
92,1.9065824366559847,co_deep_Ask,44.99,44.97,45.01,44.96,0.0,0.0,0.0,0.0,1
93,1.9074476901799375,co_deep_Ask,44.99,44.97,45.01,44.96,0.0,0.0,0.0,0.0,1
94,1.9074565230973581,lo_deep_Ask,44.99,44.97,45.01,44.96,0.0,0.0,0.0,0.0,1
95,1.9077267043380453,co_deep_Ask,44.99,44.97,45.01,44.96,0.0,0.0,0.0,0.0,1
96,1.9077602940976646,lo_deep_Ask,44.99,44.97,45.01,44.96,0.0,0.0,0.0,0.0,1
97,1.9088979704665139,lo_top_Ask,44.99,44.97,45.01,44.96,0.0,0.0,0.0,0.0,1
98,1.9089853663543614,lo_deep_Ask,44.99,44.97,45.01,44.96,0.0,0.0,0.0,0.0,1
99,1.914510306361015,lo_top_Ask,44.99,44.97,45.01,44.96,0.0,0.0,0.0,0.0,1
100,1.914513323858769,lo_top_Ask,44.99,44.97,45.01,44.96,0.0,0.0,0.0,0.0,1
101,1.9259417470675957,lo_top_Ask,44.99,44.97,45.01,44.96,0.0,0.0,0.0,0.0,1
102,1.9461535878459646,lo_top_Ask,44.99,44.97,45.01,44.96,0.0,0.0,0.0,0.0,1
103,1.946292063960188,co_top_Ask,44.99,44.97,45.01,44.96,0.0,0.0,0.0,0.0,1
104,1.9503925534778834,co_top_Ask,44.99,44.97,45.01,44.96,0.0,0.0,0.0,0.0,1
105,1.9505083205426983,lo_inspread_Ask,44.98,44.97,44.99,44.96,0.0,-0.010000000000005116,0.0,-0.01999999999999602,1
106,2.394535938979126,lo_top_Bid,44.98,44.97,44.99,44.96,0.0,0.0,0.0,0.0,1
107,3.517018592299801,mo_Bid,44.98,44.97,44.99,44.96,0.0,0.0,0.0,0.0,1
108,3.5170721048300044,mo_Bid,44.98,44.97,44.99,44.96,0.0,0.0,0.0,0.0,1
109,3.517344296531594,co_top_Bid,44.98,44.97,44.99,44.96,0.0,0.0,0.0,0.0,1
110,3.517444354467306,co_top_Bid,44.98,44.97,44.99,44.96,0.0,0.0,0.0,0.0,1
111,3.5175183107890517,co_deep_Bid,44.98,44.97,44.99,44.96,0.0,0.0,0.0,0.0,1
112,3.5176305676279345,lo_top_Bid,44.98,44.97,44.99,44.96,0.0,0.0,0.0,0.0,1
113,3.520054834323094,mo_Bid,44.98,44.97,44.99,44.96,0.0,0.0,0.0,0.0,1
114,3.52023597020213,mo_Ask,44.99,44.97,45.0,44.96,0.0,0.010000000000005116,0.0,0.00999999999999801,1
115,3.520384336785358,mo_Bid,44.99,44.97,45.0,44.96,0.0,0.0,0.0,0.0,1
116,3.520391727985558,mo_Bid,44.99,44.97,45.0,44.96,0.0,0.0,0.0,0.0,1
117,3.5205387623423614,mo_Bid,44.99,44.97,45.0,44.96,0.0,0.0,0.0,0.0,1
118,3.5208710489408204,mo_Bid,44.99,44.97,45.0,44.96,0.0,0.0,0.0,0.0,1
119,3.521464748648753,mo_Bid,44.99,44.97,45.0,44.96,0.0,0.0,0.0,0.0,1
120,3.5216927171837944,lo_inspread_Bid,44.99,44.98,45.0,44.97,0.00999999999999801,0.0,0.00999999999999801,0.0,1
121,3.5217970713469637,co_deep_Bid,44.99,44.98,45.0,44.97,0.0,0.0,0.0,0.0,1
122,3.5219801543323848,mo_Bid,44.99,44.98,45.0,44.97,0.0,0.0,0.0,0.0,1
123,3.5220721281558514,co_top_Bid,44.99,44.97,45.0,44.96,-0.00999999999999801,0.0,-0.00999999999999801,0.0,1
124,3.5222587640089804,co_top_Bid,44.99,44.97,45.0,44.96,0.0,0.0,0.0,0.0,1
125,3.522296647863784,lo_top_Bid,44.99,44.97,45.0,44.96,0.0,0.0,0.0,0.0,1
126,3.5223587642034633,lo_top_Bid,44.99,44.97,45.0,44.96,0.0,0.0,0.0,0.0,1
127,3.5232656412564585,mo_Bid,44.99,44.97,45.0,44.96,0.0,0.0,0.0,0.0,1
128,3.5232858332596275,lo_inspread_Bid,44.99,44.98,45.0,44.97,0.00999999999999801,0.0,0.00999999999999801,0.0,1
129,3.5236590246882895,co_top_Bid,44.99,44.97,45.0,44.96,-0.00999999999999801,0.0,-0.00999999999999801,0.0,1
130,3.5237208474736987,mo_Bid,44.99,44.97,45.0,44.96,0.0,0.0,0.0,0.0,1
131,3.5237211873312004,co_top_Bid,44.99,44.97,45.0,44.96,0.0,0.0,0.0,0.0,1
132,3.5237621633170018,lo_deep_Bid,44.99,44.97,45.0,44.96,0.0,0.0,0.0,0.0,1
133,3.5241600874780383,lo_inspread_Bid,44.99,44.98,45.0,44.97,0.00999999999999801,0.0,0.00999999999999801,0.0,1
134,3.524421117216633,co_top_Bid,44.99,44.97,45.0,44.96,-0.00999999999999801,0.0,-0.00999999999999801,0.0,1
135,3.524723843053402,mo_Bid,44.99,44.97,45.0,44.96,0.0,0.0,0.0,0.0,1
136,3.525225460604644,mo_Bid,44.99,44.97,45.0,44.96,0.0,0.0,0.0,0.0,1
137,3.52524873312553,co_top_Bid,44.99,44.97,45.0,44.96,0.0,0.0,0.0,0.0,1
138,3.5253437797267857,co_top_Bid,44.99,44.97,45.0,44.96,0.0,0.0,0.0,0.0,1
139,3.525376429483033,mo_Bid,44.99,44.97,45.0,44.96,0.0,0.0,0.0,0.0,1
140,3.5256500511599227,lo_inspread_Bid,44.99,44.98,45.0,44.97,0.00999999999999801,0.0,0.00999999999999801,0.0,1
141,3.5256872126135286,lo_top_Bid,44.99,44.98,45.0,44.97,0.0,0.0,0.0,0.0,1
142,3.5257373898376096,co_deep_Bid,44.99,44.98,45.0,44.97,0.0,0.0,0.0,0.0,1
143,3.526103596260206,co_deep_Bid,44.99,44.98,45.0,44.97,0.0,0.0,0.0,0.0,1
144,3.5263311611131996,lo_top_Bid,44.99,44.98,45.0,44.97,0.0,0.0,0.0,0.0,1
145,3.527724470531472,co_top_Bid,44.99,44.98,45.0,44.97,0.0,0.0,0.0,0.0,1
146,3.527739557081764,co_top_Bid,44.99,44.98,45.0,44.97,0.0,0.0,0.0,0.0,1
147,3.527780007321687,co_top_Bid,44.99,44.97,45.0,44.96,-0.00999999999999801,0.0,-0.00999999999999801,0.0,1
148,3.5277855298787526,co_top_Bid,44.99,44.97,45.0,44.96,0.0,0.0,0.0,0.0,1
149,3.5278469597200566,lo_deep_Bid,44.99,44.97,45.0,44.96,0.0,0.0,0.0,0.0,1
150,3.5279940673990033,co_top_Bid,44.99,44.97,45.0,44.96,0.0,0.0,0.0,0.0,1
151,3.5281211929885057,co_top_Bid,44.99,44.97,45.0,44.96,0.0,0.0,0.0,0.0,1
152,3.528185388701063,co_top_Bid,44.99,44.97,45.0,44.96,0.0,0.0,0.0,0.0,1
153,3.528186417348084,co_top_Bid,44.99,44.97,45.0,44.96,0.0,0.0,0.0,0.0,1
154,3.5287074125574716,mo_Bid,44.99,44.97,45.0,44.96,0.0,0.0,0.0,0.0,1
155,3.5290369972293574,mo_Bid,44.99,44.97,45.0,44.96,0.0,0.0,0.0,0.0,1
156,3.5291861804776414,mo_Bid,44.99,44.97,45.0,44.96,0.0,0.0,0.0,0.0,1
157,3.529339008502324,co_top_Bid,44.99,44.97,45.0,44.96,0.0,0.0,0.0,0.0,1
158,3.5293780957113183,co_top_Bid,44.99,44.97,45.0,44.96,0.0,0.0,0.0,0.0,1
159,3.529409268241143,mo_Ask,44.99,44.97,45.0,44.96,0.0,0.0,0.0,0.0,1
160,3.5294729467349852,lo_top_Bid,44.99,44.97,45.0,44.96,0.0,0.0,0.0,0.0,1
161,3.529502519451105,co_deep_Bid,44.99,44.97,45.0,44.96,0.0,0.0,0.0,0.0,1
162,3.529535239024019,lo_inspread_Ask,44.98,44.97,44.99,44.96,0.0,-0.010000000000005116,0.0,-0.00999999999999801,1
163,3.5295938611325477,co_deep_Bid,44.98,44.97,44.99,44.96,0.0,0.0,0.0,0.0,1
164,3.529720491780854,lo_top_Bid,44.98,44.97,44.99,44.96,0.0,0.0,0.0,0.0,1
165,3.529728200810716,co_deep_Bid,44.98,44.97,44.99,44.96,0.0,0.0,0.0,0.0,1
166,3.529832635911769,lo_top_Bid,44.98,44.97,44.99,44.96,0.0,0.0,0.0,0.0,1
167,3.5299768951461483,lo_deep_Bid,44.98,44.97,44.99,44.96,0.0,0.0,0.0,0.0,1
168,3.5300685104089102,co_deep_Bid,44.98,44.97,44.99,44.96,0.0,0.0,0.0,0.0,1
169,3.530152569065252,mo_Bid,44.98,44.97,44.99,44.96,0.0,0.0,0.0,0.0,1
170,3.5302764964453464,co_deep_Bid,44.98,44.97,44.99,44.96,0.0,0.0,0.0,0.0,1
171,3.5303440167843716,mo_Bid,44.98,44.97,44.99,44.96,0.0,0.0,0.0,0.0,1
172,3.5303695569824862,lo_top_Bid,44.98,44.97,44.99,44.96,0.0,0.0,0.0,0.0,1
173,3.5335713321689592,co_deep_Bid,44.98,44.97,44.99,44.96,0.0,0.0,0.0,0.0,1
174,3.5335866747100027,co_deep_Bid,44.98,44.97,44.99,44.96,0.0,0.0,0.0,0.0,1
175,3.5337236428944188,lo_deep_Bid,44.98,44.97,44.99,44.96,0.0,0.0,0.0,0.0,1
176,3.5347341227485822,co_deep_Bid,44.98,44.97,44.99,44.96,0.0,0.0,0.0,0.0,1
177,3.5350380581138756,lo_top_Bid,44.98,44.97,44.99,44.96,0.0,0.0,0.0,0.0,1
178,3.5351906430426023,co_deep_Bid,44.98,44.97,44.99,44.96,0.0,0.0,0.0,0.0,1
179,3.5361277055982505,mo_Bid,44.98,44.97,44.99,44.96,0.0,0.0,0.0,0.0,1
180,3.536146653552623,mo_Bid,44.98,44.97,44.99,44.96,0.0,0.0,0.0,0.0,1
181,3.536243878426657,co_top_Bid,44.98,44.97,44.99,44.96,0.0,0.0,0.0,0.0,1
182,3.536272239847904,co_deep_Bid,44.98,44.97,44.99,44.96,0.0,0.0,0.0,0.0,1
183,3.5362890453618956,co_deep_Bid,44.98,44.97,44.99,44.96,0.0,0.0,0.0,0.0,1
184,3.536348261685236,mo_Bid,44.98,44.97,44.99,44.96,0.0,0.0,0.0,0.0,1
185,3.5363585528241095,lo_deep_Bid,44.98,44.97,44.99,44.96,0.0,0.0,0.0,0.0,1
186,3.5363759277184865,co_deep_Bid,44.98,44.97,44.99,44.96,0.0,0.0,0.0,0.0,1
187,3.5364279957009264,mo_Bid,44.98,44.97,44.99,44.96,0.0,0.0,0.0,0.0,1
188,3.5364735036617674,co_deep_Bid,44.98,44.97,44.99,44.96,0.0,0.0,0.0,0.0,1
189,3.53653987999293,lo_top_Bid,44.98,44.97,44.99,44.96,0.0,0.0,0.0,0.0,1
190,3.536543049552421,lo_top_Bid,44.98,44.97,44.99,44.96,0.0,0.0,0.0,0.0,1
191,3.5365905969558566,lo_top_Bid,44.98,44.97,44.99,44.96,0.0,0.0,0.0,0.0,1
192,3.536991828641309,lo_top_Bid,44.98,44.97,44.99,44.96,0.0,0.0,0.0,0.0,1
193,3.5374652158036364,lo_deep_Bid,44.98,44.97,44.99,44.96,0.0,0.0,0.0,0.0,1
194,3.5375460411145667,co_top_Bid,44.98,44.97,44.99,44.96,0.0,0.0,0.0,0.0,1
195,3.537839634081226,mo_Bid,44.98,44.97,44.99,44.96,0.0,0.0,0.0,0.0,1
196,3.538095938962951,lo_top_Bid,44.98,44.97,44.99,44.96,0.0,0.0,0.0,0.0,1
197,3.5382220873774797,lo_top_Bid,44.98,44.97,44.99,44.96,0.0,0.0,0.0,0.0,1
198,3.538266903040582,lo_top_Bid,44.98,44.97,44.99,44.96,0.0,0.0,0.0,0.0,1
199,3.5383305721556746,lo_top_Bid,44.98,44.97,44.99,44.96,0.0,0.0,0.0,0.0,1
200,3.538419321432454,co_deep_Bid,44.98,44.97,44.99,44.96,0.0,0.0,0.0,0.0,1
201,3.538439722736944,co_deep_Bid,44.98,44.97,44.99,44.95,0.0,0.0,-0.00999999999999801,0.0,1
202,3.538654952928715,mo_Bid,44.98,44.97,44.99,44.95,0.0,0.0,0.0,0.0,1
203,3.5386869073195797,lo_top_Bid,44.98,44.97,44.99,44.95,0.0,0.0,0.0,0.0,1
204,3.538740769705578,mo_Bid,44.98,44.97,44.99,44.95,0.0,0.0,0.0,0.0,1
205,3.5388201057903648,lo_top_Bid,44.98,44.97,44.99,44.95,0.0,0.0,0.0,0.0,1
206,3.538882502771521,mo_Bid,44.98,44.97,44.99,44.95,0.0,0.0,0.0,0.0,1
207,3.538887779249566,co_deep_Ask,44.98,44.97,44.99,44.95,0.0,0.0,0.0,0.0,1
208,3.5389294685204984,co_deep_Bid,44.98,44.97,44.99,44.95,0.0,0.0,0.0,0.0,1
209,3.5389919816704194,co_deep_Bid,44.98,44.97,44.99,44.95,0.0,0.0,0.0,0.0,1
210,3.539020581566977,lo_top_Bid,44.98,44.97,44.99,44.95,0.0,0.0,0.0,0.0,1
211,3.5390340996471576,lo_top_Bid,44.98,44.97,44.99,44.95,0.0,0.0,0.0,0.0,1
212,3.5391318603825437,lo_deep_Bid,44.98,44.97,44.99,44.95,0.0,0.0,0.0,0.0,1
213,3.539255347253431,lo_deep_Bid,44.98,44.97,44.99,44.95,0.0,0.0,0.0,0.0,1
214,3.5394458096310766,mo_Ask,44.98,44.97,44.99,44.95,0.0,0.0,0.0,0.0,1
215,3.539632835955905,lo_top_Bid,44.98,44.97,44.99,44.95,0.0,0.0,0.0,0.0,1
216,3.539979055671651,lo_top_Bid,44.98,44.97,44.99,44.95,0.0,0.0,0.0,0.0,1
217,3.5399888443439553,lo_top_Bid,44.98,44.97,44.99,44.95,0.0,0.0,0.0,0.0,1
218,3.5400384245491976,lo_top_Bid,44.98,44.97,44.99,44.95,0.0,0.0,0.0,0.0,1
219,3.5401785819305305,lo_deep_Bid,44.98,44.97,44.99,44.95,0.0,0.0,0.0,0.0,1
220,3.5401957736148613,lo_top_Bid,44.98,44.97,44.99,44.95,0.0,0.0,0.0,0.0,1
221,3.540236841031078,co_deep_Bid,44.98,44.97,44.99,44.95,0.0,0.0,0.0,0.0,1
222,3.540265893008778,co_deep_Bid,44.98,44.97,44.99,44.95,0.0,0.0,0.0,0.0,1
223,3.540324829322115,lo_deep_Bid,44.98,44.97,44.99,44.95,0.0,0.0,0.0,0.0,1
224,3.5404465945175456,lo_deep_Bid,44.98,44.97,44.99,44.95,0.0,0.0,0.0,0.0,1
225,3.541102951041153,lo_top_Bid,44.98,44.97,44.99,44.95,0.0,0.0,0.0,0.0,1
226,3.5411835962175533,lo_top_Bid,44.98,44.97,44.99,44.95,0.0,0.0,0.0,0.0,1
227,3.541224167028518,lo_top_Bid,44.98,44.97,44.99,44.95,0.0,0.0,0.0,0.0,1
228,3.5412615966975363,lo_top_Bid,44.98,44.97,44.99,44.95,0.0,0.0,0.0,0.0,1
229,3.541336080984627,lo_deep_Bid,44.98,44.97,44.99,44.95,0.0,0.0,0.0,0.0,1
230,3.541378334859961,lo_deep_Bid,44.98,44.97,44.99,44.95,0.0,0.0,0.0,0.0,1
231,3.541400772850881,lo_top_Bid,44.98,44.97,44.99,44.95,0.0,0.0,0.0,0.0,1
232,3.5414302875665222,lo_deep_Bid,44.98,44.97,44.99,44.95,0.0,0.0,0.0,0.0,1
233,3.541438341115373,lo_top_Bid,44.98,44.97,44.99,44.95,0.0,0.0,0.0,0.0,1
234,3.541462013266334,mo_Bid,44.98,44.97,44.99,44.95,0.0,0.0,0.0,0.0,1
235,3.5415121575891226,lo_top_Bid,44.98,44.97,44.99,44.95,0.0,0.0,0.0,0.0,1
236,3.5415991644267266,lo_top_Bid,44.98,44.97,44.99,44.95,0.0,0.0,0.0,0.0,1
237,3.5417409095385146,lo_top_Bid,44.98,44.97,44.99,44.95,0.0,0.0,0.0,0.0,1
238,3.541756770767926,lo_top_Bid,44.98,44.97,44.99,44.95,0.0,0.0,0.0,0.0,1
239,3.541759681456281,lo_top_Bid,44.98,44.97,44.99,44.95,0.0,0.0,0.0,0.0,1
240,3.5417807761324402,lo_top_Bid,44.98,44.97,44.99,44.95,0.0,0.0,0.0,0.0,1
241,3.541794200403639,co_deep_Bid,44.98,44.97,44.99,44.95,0.0,0.0,0.0,0.0,1
242,3.5418063797921966,lo_deep_Bid,44.98,44.97,44.99,44.95,0.0,0.0,0.0,0.0,1
243,3.54197662738206,lo_top_Bid,44.98,44.97,44.99,44.95,0.0,0.0,0.0,0.0,1
244,3.5420054835439054,co_deep_Bid,44.98,44.97,44.99,44.95,0.0,0.0,0.0,0.0,1
245,3.5420890636030262,lo_top_Bid,44.98,44.97,44.99,44.95,0.0,0.0,0.0,0.0,1
246,3.542183061497802,lo_deep_Bid,44.98,44.97,44.99,44.95,0.0,0.0,0.0,0.0,1
247,3.5422436149999292,lo_deep_Bid,44.98,44.97,44.99,44.95,0.0,0.0,0.0,0.0,1
248,3.542285604317074,lo_top_Bid,44.98,44.97,44.99,44.95,0.0,0.0,0.0,0.0,1
249,3.5423154170650872,lo_top_Bid,44.98,44.97,44.99,44.95,0.0,0.0,0.0,0.0,1
250,3.5426487944554044,lo_top_Bid,44.98,44.97,44.99,44.95,0.0,0.0,0.0,0.0,1
251,3.5434251458963546,lo_deep_Bid,44.98,44.97,44.99,44.95,0.0,0.0,0.0,0.0,1
252,3.5435942109330183,lo_top_Bid,44.98,44.97,44.99,44.95,0.0,0.0,0.0,0.0,1
253,3.5436922033,co_deep_Bid,44.98,44.97,44.99,44.95,0.0,0.0,0.0,0.0,1
254,3.5439712890137587,lo_top_Bid,44.98,44.97,44.99,44.95,0.0,0.0,0.0,0.0,1
255,3.544192902146136,lo_top_Bid,44.98,44.97,44.99,44.95,0.0,0.0,0.0,0.0,1
256,3.5447791207525987,co_deep_Bid,44.98,44.97,44.99,44.95,0.0,0.0,0.0,0.0,1
257,3.5455819553603916,co_deep_Bid,44.98,44.97,44.99,44.95,0.0,0.0,0.0,0.0,1
258,3.545622988790223,mo_Bid,44.98,44.97,44.99,44.95,0.0,0.0,0.0,0.0,1
259,3.5457612588017686,co_deep_Bid,44.98,44.97,44.99,44.95,0.0,0.0,0.0,0.0,1
260,3.545806522887189,co_deep_Bid,44.98,44.97,44.99,44.95,0.0,0.0,0.0,0.0,1
261,3.5458188725047872,co_deep_Bid,44.98,44.97,44.99,44.95,0.0,0.0,0.0,0.0,1
262,3.5458192554208288,co_deep_Bid,44.98,44.97,44.99,44.95,0.0,0.0,0.0,0.0,1
263,3.5459091215176657,lo_top_Bid,44.98,44.97,44.99,44.95,0.0,0.0,0.0,0.0,1
264,3.5460352355157845,lo_deep_Bid,44.98,44.97,44.99,44.95,0.0,0.0,0.0,0.0,1
265,3.5461561247698707,lo_top_Bid,44.98,44.97,44.99,44.95,0.0,0.0,0.0,0.0,1
266,3.546167252630935,lo_deep_Bid,44.98,44.97,44.99,44.95,0.0,0.0,0.0,0.0,1
267,3.5464894296649048,lo_deep_Bid,44.98,44.97,44.99,44.95,0.0,0.0,0.0,0.0,1
268,3.5465456521928638,lo_deep_Bid,44.98,44.97,44.99,44.95,0.0,0.0,0.0,0.0,1
269,3.547003626729355,co_deep_Bid,44.98,44.97,44.99,44.95,0.0,0.0,0.0,0.0,1
270,3.547525106298966,lo_top_Bid,44.98,44.97,44.99,44.95,0.0,0.0,0.0,0.0,1
271,3.5475544608801513,lo_deep_Bid,44.98,44.97,44.99,44.95,0.0,0.0,0.0,0.0,1
272,3.547568876817193,mo_Bid,44.98,44.97,44.99,44.95,0.0,0.0,0.0,0.0,1
273,3.5476050809960515,co_top_Bid,44.98,44.97,44.99,44.95,0.0,0.0,0.0,0.0,1
274,3.5477052201928045,lo_top_Ask,44.98,44.97,44.99,44.95,0.0,0.0,0.0,0.0,1
275,3.5477199978721754,co_deep_Bid,44.98,44.97,44.99,44.95,0.0,0.0,0.0,0.0,1
276,3.5477510407851818,co_deep_Bid,44.98,44.97,44.99,44.95,0.0,0.0,0.0,0.0,1
277,3.547753476349767,lo_deep_Bid,44.98,44.97,44.99,44.95,0.0,0.0,0.0,0.0,1
278,3.5477852941158736,co_deep_Bid,44.98,44.97,44.99,44.95,0.0,0.0,0.0,0.0,1
279,3.5477910493835076,co_deep_Bid,44.98,44.97,44.99,44.95,0.0,0.0,0.0,0.0,1
280,3.5477926794474777,co_deep_Bid,44.98,44.97,44.99,44.95,0.0,0.0,0.0,0.0,1
281,3.5478295522675887,co_deep_Bid,44.98,44.97,44.99,44.95,0.0,0.0,0.0,0.0,1
282,3.5478486002291727,lo_deep_Bid,44.98,44.97,44.99,44.95,0.0,0.0,0.0,0.0,1
283,3.5478670782724473,lo_deep_Bid,44.98,44.97,44.99,44.95,0.0,0.0,0.0,0.0,1
284,3.54790757581235,co_deep_Bid,44.98,44.97,44.99,44.95,0.0,0.0,0.0,0.0,1
285,3.5479120848778787,lo_top_Bid,44.98,44.97,44.99,44.95,0.0,0.0,0.0,0.0,1
286,3.5479835830906095,lo_top_Bid,44.98,44.97,44.99,44.95,0.0,0.0,0.0,0.0,1
287,3.5480554085469334,lo_deep_Bid,44.98,44.97,44.99,44.95,0.0,0.0,0.0,0.0,1
288,3.548061470243792,lo_top_Bid,44.98,44.97,44.99,44.95,0.0,0.0,0.0,0.0,1
289,3.5481115135560573,lo_top_Bid,44.98,44.97,44.99,44.95,0.0,0.0,0.0,0.0,1
290,3.548112436179154,co_deep_Bid,44.98,44.97,44.99,44.95,0.0,0.0,0.0,0.0,1
291,3.5481131706372873,lo_deep_Bid,44.98,44.97,44.99,44.95,0.0,0.0,0.0,0.0,1
292,3.5483250333206686,lo_top_Bid,44.98,44.97,44.99,44.95,0.0,0.0,0.0,0.0,1
293,3.548340389693851,mo_Bid,44.98,44.97,44.99,44.95,0.0,0.0,0.0,0.0,1
294,3.548343934079636,lo_top_Bid,44.98,44.97,44.99,44.95,0.0,0.0,0.0,0.0,1
295,3.54835823019732,co_deep_Bid,44.98,44.97,44.99,44.95,0.0,0.0,0.0,0.0,1
296,3.54836268051433,mo_Bid,44.98,44.97,44.99,44.95,0.0,0.0,0.0,0.0,1
297,3.5483925588591547,lo_deep_Bid,44.98,44.97,44.99,44.95,0.0,0.0,0.0,0.0,1
298,3.548448674778595,mo_Ask,44.98,44.97,44.99,44.95,0.0,0.0,0.0,0.0,1
299,3.5487467526034,lo_top_Bid,44.98,44.97,44.99,44.95,0.0,0.0,0.0,0.0,1
300,3.548768812410484,lo_deep_Bid,44.98,44.97,44.99,44.95,0.0,0.0,0.0,0.0,1
301,3.5492115814338403,lo_deep_Bid,44.98,44.97,44.99,44.95,0.0,0.0,0.0,0.0,1
302,3.5493178661945386,lo_deep_Bid,44.98,44.97,44.99,44.95,0.0,0.0,0.0,0.0,1
303,3.5494465189302624,lo_top_Bid,44.98,44.97,44.99,44.95,0.0,0.0,0.0,0.0,1
304,3.5494751401084423,lo_top_Bid,44.98,44.97,44.99,44.95,0.0,0.0,0.0,0.0,1
305,3.5495473409006157,lo_top_Bid,44.98,44.97,44.99,44.95,0.0,0.0,0.0,0.0,1
306,3.5495790920229844,mo_Bid,44.98,44.97,44.99,44.95,0.0,0.0,0.0,0.0,1
307,3.549581495684643,mo_Bid,44.98,44.97,44.99,44.95,0.0,0.0,0.0,0.0,1
308,3.5496218469273795,lo_deep_Bid,44.98,44.97,44.99,44.95,0.0,0.0,0.0,0.0,1
309,3.549688623684708,lo_deep_Bid,44.98,44.97,44.99,44.95,0.0,0.0,0.0,0.0,1
310,3.549701521339521,lo_deep_Bid,44.98,44.97,44.99,44.95,0.0,0.0,0.0,0.0,1
311,3.5497590479304697,lo_deep_Bid,44.98,44.97,44.99,44.95,0.0,0.0,0.0,0.0,1
312,3.5497739251248244,lo_deep_Bid,44.98,44.97,44.99,44.95,0.0,0.0,0.0,0.0,1
313,3.5497922204197945,lo_deep_Bid,44.98,44.97,44.99,44.95,0.0,0.0,0.0,0.0,1
314,3.5498088225034055,lo_top_Bid,44.98,44.97,44.99,44.95,0.0,0.0,0.0,0.0,1
315,3.5498321131517487,lo_deep_Bid,44.98,44.97,44.99,44.95,0.0,0.0,0.0,0.0,1
316,3.5498346096596842,co_deep_Ask,44.98,44.97,44.99,44.95,0.0,0.0,0.0,0.0,1
317,3.5498796029319077,co_deep_Ask,44.98,44.97,44.99,44.95,0.0,0.0,0.0,0.0,1
318,3.549910138732819,lo_deep_Bid,44.98,44.97,44.99,44.95,0.0,0.0,0.0,0.0,1
319,3.54993530034302,lo_top_Bid,44.98,44.97,44.99,44.95,0.0,0.0,0.0,0.0,1
320,3.549954812266786,lo_deep_Bid,44.98,44.97,44.99,44.95,0.0,0.0,0.0,0.0,1
321,3.550003334933012,lo_deep_Bid,44.98,44.97,44.99,44.95,0.0,0.0,0.0,0.0,1
322,3.5500213029513423,lo_top_Bid,44.98,44.97,44.99,44.95,0.0,0.0,0.0,0.0,1
323,3.5500786461822726,lo_deep_Bid,44.98,44.97,44.99,44.95,0.0,0.0,0.0,0.0,1
324,3.550121754158196,lo_deep_Bid,44.98,44.97,44.99,44.95,0.0,0.0,0.0,0.0,1
325,3.5501583219440564,co_deep_Ask,44.98,44.97,44.99,44.95,0.0,0.0,0.0,0.0,1
326,3.550174744238304,lo_top_Bid,44.98,44.97,44.99,44.95,0.0,0.0,0.0,0.0,1
327,3.550244363604813,lo_deep_Bid,44.98,44.97,44.99,44.95,0.0,0.0,0.0,0.0,1
328,3.5502746762252917,lo_top_Ask,44.98,44.97,44.99,44.95,0.0,0.0,0.0,0.0,1
329,3.550306792543084,lo_deep_Bid,44.98,44.97,44.99,44.95,0.0,0.0,0.0,0.0,1
330,3.5503454467531004,co_deep_Ask,44.98,44.97,45.0,44.95,0.0,0.0,0.0,0.00999999999999801,1
331,3.5503714780343882,lo_deep_Bid,44.98,44.97,45.0,44.95,0.0,0.0,0.0,0.0,1
332,3.5504430840259955,lo_deep_Bid,44.98,44.97,45.0,44.95,0.0,0.0,0.0,0.0,1
333,3.550450971580893,lo_deep_Bid,44.98,44.97,45.0,44.95,0.0,0.0,0.0,0.0,1
334,3.5505073326235386,lo_deep_Bid,44.98,44.97,45.0,44.95,0.0,0.0,0.0,0.0,1
335,3.5505761281196535,co_deep_Ask,44.98,44.97,45.0,44.95,0.0,0.0,0.0,0.0,1
336,3.550580061339292,co_deep_Ask,44.98,44.97,45.0,44.95,0.0,0.0,0.0,0.0,1
337,3.550606253665582,lo_top_Ask,44.98,44.97,45.0,44.95,0.0,0.0,0.0,0.0,1
338,3.550651864988463,lo_top_Ask,44.98,44.97,45.0,44.95,0.0,0.0,0.0,0.0,1
339,3.550666099111945,lo_top_Ask,44.98,44.97,45.0,44.95,0.0,0.0,0.0,0.0,1
340,3.550670559838223,co_deep_Ask,44.98,44.97,45.0,44.95,0.0,0.0,0.0,0.0,1
341,3.5506958936663517,co_deep_Ask,44.98,44.97,45.0,44.95,0.0,0.0,0.0,0.0,1
342,3.550706273805318,co_deep_Ask,44.98,44.97,45.0,44.95,0.0,0.0,0.0,0.0,1
343,3.550728782235535,co_deep_Ask,44.98,44.97,45.0,44.95,0.0,0.0,0.0,0.0,1
344,3.5507863413089193,lo_top_Ask,44.98,44.97,45.0,44.95,0.0,0.0,0.0,0.0,1
345,3.550837182936454,lo_deep_Bid,44.98,44.97,45.0,44.95,0.0,0.0,0.0,0.0,1
346,3.55096961957823,lo_deep_Bid,44.98,44.97,45.0,44.95,0.0,0.0,0.0,0.0,1
347,3.5509893712883693,co_deep_Ask,44.98,44.97,45.0,44.95,0.0,0.0,0.0,0.0,1
348,3.550992824565282,co_deep_Ask,44.98,44.97,45.0,44.95,0.0,0.0,0.0,0.0,1
349,3.5509941580635633,lo_top_Ask,44.98,44.97,45.0,44.95,0.0,0.0,0.0,0.0,1
350,3.5510120928843145,lo_deep_Bid,44.98,44.97,45.0,44.95,0.0,0.0,0.0,0.0,1
351,3.5510254977432365,co_deep_Ask,44.98,44.97,45.0,44.95,0.0,0.0,0.0,0.0,1
352,3.5510815880518423,co_deep_Ask,44.98,44.97,45.0,44.95,0.0,0.0,0.0,0.0,1
353,3.5510873714857394,co_deep_Ask,44.98,44.97,45.0,44.95,0.0,0.0,0.0,0.0,1
354,3.5511241108234497,lo_deep_Bid,44.98,44.97,45.0,44.95,0.0,0.0,0.0,0.0,1
355,3.55114711697928,lo_top_Ask,44.98,44.97,45.0,44.95,0.0,0.0,0.0,0.0,1
356,3.551179303297423,lo_deep_Bid,44.98,44.97,45.0,44.95,0.0,0.0,0.0,0.0,1
357,3.551299995030939,lo_deep_Bid,44.98,44.97,45.0,44.95,0.0,0.0,0.0,0.0,1
358,3.5513133116702056,co_top_Bid,44.98,44.97,45.0,44.95,0.0,0.0,0.0,0.0,1
359,3.5515989845237117,lo_deep_Ask,44.98,44.97,45.0,44.95,0.0,0.0,0.0,0.0,1
360,3.5521189540510973,co_deep_Ask,44.98,44.97,45.0,44.95,0.0,0.0,0.0,0.0,1
361,3.5527861352002126,co_deep_Ask,44.98,44.97,45.0,44.95,0.0,0.0,0.0,0.0,1
362,3.552828518035519,lo_top_Ask,44.98,44.97,45.0,44.95,0.0,0.0,0.0,0.0,1
363,3.5533480714817505,lo_top_Bid,44.98,44.97,45.0,44.95,0.0,0.0,0.0,0.0,1
364,3.555004629079313,lo_deep_Bid,44.98,44.97,45.0,44.95,0.0,0.0,0.0,0.0,1
365,3.5560739252410496,lo_top_Ask,44.98,44.97,45.0,44.95,0.0,0.0,0.0,0.0,1
366,3.556501388514493,co_deep_Ask,44.98,44.97,45.0,44.95,0.0,0.0,0.0,0.0,1
367,3.5575821902987426,co_deep_Ask,44.98,44.97,45.0,44.95,0.0,0.0,0.0,0.0,1
368,3.5576702491556422,co_deep_Ask,44.98,44.97,45.0,44.95,0.0,0.0,0.0,0.0,1
369,3.557962806849385,lo_deep_Ask,44.98,44.97,45.0,44.95,0.0,0.0,0.0,0.0,1
370,3.5581231788606527,lo_deep_Ask,44.98,44.97,45.0,44.95,0.0,0.0,0.0,0.0,1
371,3.559664999595129,lo_deep_Bid,44.98,44.97,45.0,44.95,0.0,0.0,0.0,0.0,1
372,3.560730022282918,lo_top_Ask,44.98,44.97,45.0,44.95,0.0,0.0,0.0,0.0,1
373,3.5744187771018776,lo_top_Bid,44.98,44.97,45.0,44.95,0.0,0.0,0.0,0.0,1
374,3.57443321260335,mo_Bid,44.98,44.97,45.0,44.95,0.0,0.0,0.0,0.0,1
375,3.574475778024522,co_deep_Bid,44.98,44.97,45.0,44.95,0.0,0.0,0.0,0.0,1
376,3.574497920399217,mo_Bid,44.98,44.97,45.0,44.95,0.0,0.0,0.0,0.0,1
377,3.5745551522900145,co_top_Bid,44.98,44.97,45.0,44.95,0.0,0.0,0.0,0.0,1
378,3.574600673806538,lo_top_Bid,44.98,44.97,45.0,44.95,0.0,0.0,0.0,0.0,1
379,3.5746314178516694,lo_top_Bid,44.98,44.97,45.0,44.95,0.0,0.0,0.0,0.0,1
380,3.574743135172647,co_deep_Bid,44.98,44.97,45.0,44.95,0.0,0.0,0.0,0.0,1
381,3.5747560079581633,co_deep_Bid,44.98,44.97,45.0,44.95,0.0,0.0,0.0,0.0,1
382,3.574781908549969,lo_deep_Bid,44.98,44.97,45.0,44.95,0.0,0.0,0.0,0.0,1
383,3.5748493053966546,co_deep_Bid,44.98,44.97,45.0,44.95,0.0,0.0,0.0,0.0,1
384,3.5748495416898978,lo_top_Bid,44.98,44.97,45.0,44.95,0.0,0.0,0.0,0.0,1
385,3.574894721452412,lo_top_Bid,44.98,44.97,45.0,44.95,0.0,0.0,0.0,0.0,1
386,3.5749244712252883,co_deep_Bid,44.98,44.97,45.0,44.95,0.0,0.0,0.0,0.0,1
387,3.574953338350332,lo_top_Bid,44.98,44.97,45.0,44.95,0.0,0.0,0.0,0.0,1
388,3.5750205259837187,lo_deep_Bid,44.98,44.97,45.0,44.95,0.0,0.0,0.0,0.0,1
389,3.575040015278216,lo_deep_Bid,44.98,44.97,45.0,44.95,0.0,0.0,0.0,0.0,1
390,3.575044847077041,lo_deep_Bid,44.98,44.97,45.0,44.95,0.0,0.0,0.0,0.0,1
391,3.5752473425064863,co_deep_Bid,44.98,44.97,45.0,44.95,0.0,0.0,0.0,0.0,1
392,3.575382950637231,lo_deep_Bid,44.98,44.97,45.0,44.95,0.0,0.0,0.0,0.0,1
393,3.5755599823368573,lo_top_Bid,44.98,44.97,45.0,44.95,0.0,0.0,0.0,0.0,1
394,3.5755899951629604,co_deep_Bid,44.98,44.97,45.0,44.95,0.0,0.0,0.0,0.0,1
395,3.5756170412435906,lo_top_Bid,44.98,44.97,45.0,44.95,0.0,0.0,0.0,0.0,1
396,3.575633060502313,co_deep_Bid,44.98,44.97,45.0,44.95,0.0,0.0,0.0,0.0,1
397,3.575893102408504,lo_deep_Bid,44.98,44.97,45.0,44.95,0.0,0.0,0.0,0.0,1
398,3.5759371973765903,lo_top_Bid,44.98,44.97,45.0,44.95,0.0,0.0,0.0,0.0,1
399,3.576009154239726,lo_top_Bid,44.98,44.97,45.0,44.95,0.0,0.0,0.0,0.0,1
400,3.5760599149712062,lo_deep_Bid,44.98,44.97,45.0,44.95,0.0,0.0,0.0,0.0,1
401,3.576150733714874,lo_top_Bid,44.98,44.97,45.0,44.95,0.0,0.0,0.0,0.0,1
402,3.576509429286153,lo_top_Bid,44.98,44.97,45.0,44.95,0.0,0.0,0.0,0.0,1
403,3.57658059461213,co_deep_Bid,44.98,44.97,45.0,44.95,0.0,0.0,0.0,0.0,1
404,3.5766036927360414,lo_deep_Bid,44.98,44.97,45.0,44.95,0.0,0.0,0.0,0.0,1
405,3.5766321737270856,lo_top_Bid,44.98,44.97,45.0,44.95,0.0,0.0,0.0,0.0,1
406,3.576692963082854,lo_deep_Bid,44.98,44.97,45.0,44.95,0.0,0.0,0.0,0.0,1
407,3.5767480600341512,lo_deep_Bid,44.98,44.97,45.0,44.95,0.0,0.0,0.0,0.0,1
408,3.57779668955301,lo_deep_Bid,44.98,44.97,45.0,44.95,0.0,0.0,0.0,0.0,1
409,3.577998184188211,lo_top_Bid,44.98,44.97,45.0,44.95,0.0,0.0,0.0,0.0,1
410,3.5786740117282,co_deep_Bid,44.98,44.97,45.0,44.95,0.0,0.0,0.0,0.0,1
411,3.579023340503836,lo_deep_Bid,44.98,44.97,45.0,44.95,0.0,0.0,0.0,0.0,1
412,3.5790569742005114,lo_top_Bid,44.98,44.97,45.0,44.95,0.0,0.0,0.0,0.0,1
413,3.579074500423579,lo_deep_Bid,44.98,44.97,45.0,44.95,0.0,0.0,0.0,0.0,1
414,3.5791683498169884,lo_deep_Bid,44.98,44.97,45.0,44.95,0.0,0.0,0.0,0.0,1
415,3.5793071439457638,lo_top_Bid,44.98,44.97,45.0,44.95,0.0,0.0,0.0,0.0,1
416,3.5793337042964173,lo_top_Bid,44.98,44.97,45.0,44.95,0.0,0.0,0.0,0.0,1
417,3.5793919655620408,co_deep_Bid,44.98,44.97,45.0,44.95,0.0,0.0,0.0,0.0,1
418,3.5801754465304545,mo_Bid,44.98,44.97,45.0,44.95,0.0,0.0,0.0,0.0,1
419,3.5802037399573505,mo_Bid,44.98,44.97,45.0,44.95,0.0,0.0,0.0,0.0,1
420,3.5804328812625066,lo_top_Bid,44.98,44.97,45.0,44.95,0.0,0.0,0.0,0.0,1
421,3.580519241290192,lo_top_Bid,44.98,44.97,45.0,44.95,0.0,0.0,0.0,0.0,1
422,3.5805558058287748,lo_top_Bid,44.98,44.97,45.0,44.95,0.0,0.0,0.0,0.0,1
423,3.5806349124240047,co_deep_Bid,44.98,44.97,45.0,44.95,0.0,0.0,0.0,0.0,1
424,3.5817788996802844,co_deep_Bid,44.98,44.97,45.0,44.95,0.0,0.0,0.0,0.0,1
425,3.5824146071119896,co_deep_Bid,44.98,44.97,45.0,44.95,0.0,0.0,0.0,0.0,1
426,3.582632048197905,co_deep_Bid,44.98,44.97,45.0,44.95,0.0,0.0,0.0,0.0,1
427,3.582654356073128,lo_top_Bid,44.98,44.97,45.0,44.95,0.0,0.0,0.0,0.0,1
428,3.582756988907694,co_deep_Bid,44.98,44.97,45.0,44.95,0.0,0.0,0.0,0.0,1
429,3.5827610702931634,lo_top_Bid,44.98,44.97,45.0,44.95,0.0,0.0,0.0,0.0,1
430,3.583075331713961,lo_top_Bid,44.98,44.97,45.0,44.95,0.0,0.0,0.0,0.0,1
431,3.583086468770899,lo_top_Ask,44.98,44.97,45.0,44.95,0.0,0.0,0.0,0.0,1
432,3.583293732084568,mo_Bid,44.98,44.97,45.0,44.95,0.0,0.0,0.0,0.0,1
433,3.584111816115449,lo_deep_Bid,44.98,44.97,45.0,44.95,0.0,0.0,0.0,0.0,1
434,3.584435733969336,lo_deep_Bid,44.98,44.97,45.0,44.95,0.0,0.0,0.0,0.0,1
435,3.5862848288670524,lo_deep_Bid,44.98,44.97,45.0,44.95,0.0,0.0,0.0,0.0,1
436,3.593661418748707,mo_Bid,44.98,44.97,45.0,44.95,0.0,0.0,0.0,0.0,1
437,3.59400018214486,mo_Bid,44.98,44.97,45.0,44.95,0.0,0.0,0.0,0.0,1
438,3.594154115690804,lo_top_Ask,44.98,44.97,45.0,44.95,0.0,0.0,0.0,0.0,1
439,3.5945814190628833,co_deep_Ask,44.98,44.97,45.0,44.95,0.0,0.0,0.0,0.0,1
440,3.5948665214141475,lo_deep_Ask,44.98,44.97,45.0,44.95,0.0,0.0,0.0,0.0,1
441,3.6006198369201696,lo_top_Ask,44.98,44.97,45.0,44.95,0.0,0.0,0.0,0.0,1
442,3.602983271643816,lo_deep_Bid,44.98,44.97,45.0,44.95,0.0,0.0,0.0,0.0,1
443,3.6030839587170918,lo_deep_Bid,44.98,44.97,45.0,44.95,0.0,0.0,0.0,0.0,1
444,3.6031289050565753,lo_deep_Bid,44.98,44.97,45.0,44.95,0.0,0.0,0.0,0.0,1
445,3.6032588853911847,lo_deep_Bid,44.98,44.97,45.0,44.95,0.0,0.0,0.0,0.0,1
446,3.604029106199218,lo_deep_Bid,44.98,44.97,45.0,44.95,0.0,0.0,0.0,0.0,1
447,3.607523390820589,co_top_Ask,44.98,44.97,45.0,44.95,0.0,0.0,0.0,0.0,1
448,3.6094372026376753,mo_Ask,44.98,44.97,45.0,44.95,0.0,0.0,0.0,0.0,1
449,3.6095477293371507,mo_Ask,44.98,44.97,45.0,44.95,0.0,0.0,0.0,0.0,1
450,3.6095597142606497,co_deep_Ask,44.98,44.97,45.0,44.95,0.0,0.0,0.0,0.0,1
451,3.6097458914540206,mo_Ask,44.98,44.97,45.0,44.95,0.0,0.0,0.0,0.0,1
452,3.6101659167653524,mo_Ask,44.98,44.97,45.0,44.95,0.0,0.0,0.0,0.0,1
453,3.6102925623154167,mo_Ask,44.98,44.97,45.0,44.95,0.0,0.0,0.0,0.0,1
454,3.6144854600978773,mo_Ask,44.98,44.97,45.0,44.95,0.0,0.0,0.0,0.0,1
455,3.6145874262672577,mo_Ask,44.98,44.97,45.0,44.95,0.0,0.0,0.0,0.0,1
456,3.614909297843201,mo_Ask,44.98,44.97,45.0,44.95,0.0,0.0,0.0,0.0,1
457,3.6412389392061177,lo_top_Ask,44.98,44.97,45.0,44.95,0.0,0.0,0.0,0.0,1
458,3.641379000977955,lo_top_Ask,44.98,44.97,45.0,44.95,0.0,0.0,0.0,0.0,1
459,3.6413959240324427,co_top_Ask,44.98,44.97,45.0,44.95,0.0,0.0,0.0,0.0,1
460,3.6419329951246984,co_deep_Ask,44.98,44.97,45.0,44.95,0.0,0.0,0.0,0.0,1
461,3.6422723424427903,lo_top_Ask,44.98,44.97,45.0,44.95,0.0,0.0,0.0,0.0,1
462,3.643036834033434,lo_top_Ask,44.98,44.97,45.0,44.95,0.0,0.0,0.0,0.0,1
463,3.8247563223393968,co_top_Ask,44.98,44.97,45.0,44.95,0.0,0.0,0.0,0.0,1
464,4.586385485911648,lo_top_Ask,44.98,44.97,45.0,44.95,0.0,0.0,0.0,0.0,1
465,4.591332574484933,co_deep_Ask,44.98,44.97,45.0,44.95,0.0,0.0,0.0,0.0,1
466,4.592139729803184,lo_top_Ask,44.98,44.97,45.0,44.95,0.0,0.0,0.0,0.0,1
467,4.593777222285166,lo_top_Ask,44.98,44.97,45.0,44.95,0.0,0.0,0.0,0.0,1
468,4.599902052616636,lo_top_Ask,44.98,44.97,45.0,44.95,0.0,0.0,0.0,0.0,1
469,4.599921706047839,lo_top_Ask,44.98,44.97,45.0,44.95,0.0,0.0,0.0,0.0,1
470,4.599922433929864,co_top_Ask,44.98,44.97,45.0,44.95,0.0,0.0,0.0,0.0,1
471,4.600016047411525,co_top_Ask,44.98,44.97,45.0,44.95,0.0,0.0,0.0,0.0,1
472,4.601030063112558,co_top_Ask,44.98,44.97,45.0,44.95,0.0,0.0,0.0,0.0,1
473,4.872442304005417,lo_top_Ask,44.98,44.97,45.0,44.95,0.0,0.0,0.0,0.0,1
474,4.873177470829696,co_top_Ask,44.98,44.97,45.0,44.95,0.0,0.0,0.0,0.0,1
475,4.873254546836401,co_top_Ask,44.98,44.97,45.0,44.95,0.0,0.0,0.0,0.0,1
476,6.111289723220033,mo_Bid,44.98,44.97,45.0,44.95,0.0,0.0,0.0,0.0,1
477,6.11150276163982,mo_Ask,44.98,44.97,45.0,44.95,0.0,0.0,0.0,0.0,1
478,6.1115198609933685,co_top_Bid,44.98,44.97,45.0,44.95,0.0,0.0,0.0,0.0,1
479,6.1116401049797044,co_top_Bid,44.98,44.97,45.0,44.95,0.0,0.0,0.0,0.0,1
480,6.111670917872265,co_deep_Bid,44.98,44.97,45.0,44.95,0.0,0.0,0.0,0.0,1
481,6.11173369990821,co_top_Bid,44.98,44.97,45.0,44.95,0.0,0.0,0.0,0.0,1
482,6.1117489185219265,lo_top_Bid,44.98,44.97,45.0,44.95,0.0,0.0,0.0,0.0,1
483,6.11176899829759,mo_Bid,44.98,44.97,45.0,44.95,0.0,0.0,0.0,0.0,1
484,6.11177452047775,co_deep_Bid,44.98,44.97,45.0,44.95,0.0,0.0,0.0,0.0,1
485,6.111834033045874,mo_Bid,44.98,44.97,45.0,44.95,0.0,0.0,0.0,0.0,1
486,6.111844653951554,co_deep_Bid,44.98,44.97,45.0,44.95,0.0,0.0,0.0,0.0,1
487,6.111863384089817,lo_deep_Bid,44.98,44.97,45.0,44.95,0.0,0.0,0.0,0.0,1
488,6.111897410133075,lo_top_Bid,44.98,44.97,45.0,44.95,0.0,0.0,0.0,0.0,1
489,6.111907061046738,mo_Bid,44.98,44.97,45.0,44.95,0.0,0.0,0.0,0.0,1
490,6.111921329668317,co_top_Bid,44.98,44.97,45.0,44.95,0.0,0.0,0.0,0.0,1
491,6.1119243104085905,mo_Bid,44.98,44.97,45.0,44.95,0.0,0.0,0.0,0.0,1
492,6.111952190794686,lo_top_Bid,44.98,44.97,45.0,44.95,0.0,0.0,0.0,0.0,1
493,6.111952733703574,mo_Bid,44.98,44.97,45.0,44.95,0.0,0.0,0.0,0.0,1
494,6.111963828449402,mo_Bid,44.98,44.97,45.0,44.95,0.0,0.0,0.0,0.0,1
495,6.111977177643847,co_top_Bid,44.98,44.97,45.0,44.95,0.0,0.0,0.0,0.0,1
496,6.111982827609369,co_top_Bid,44.98,44.97,45.0,44.95,0.0,0.0,0.0,0.0,1
497,6.111993102785897,mo_Bid,44.98,44.97,45.0,44.95,0.0,0.0,0.0,0.0,1
498,6.112035284140689,lo_deep_Bid,44.98,44.97,45.0,44.95,0.0,0.0,0.0,0.0,1
499,6.112036946053873,mo_Bid,44.98,44.97,45.0,44.95,0.0,0.0,0.0,0.0,1
500,6.112053595221866,mo_Bid,44.98,44.97,45.0,44.95,0.0,0.0,0.0,0.0,1
501,6.112056786883613,lo_top_Bid,44.98,44.97,45.0,44.95,0.0,0.0,0.0,0.0,1
502,6.112075633406419,mo_Bid,44.98,44.97,45.0,44.95,0.0,0.0,0.0,0.0,1
503,6.112075998318276,co_top_Bid,44.98,44.97,45.0,44.95,0.0,0.0,0.0,0.0,1
504,6.112091766076589,lo_top_Bid,44.98,44.97,45.0,44.95,0.0,0.0,0.0,0.0,1
505,6.112117136783244,lo_top_Bid,44.98,44.97,45.0,44.95,0.0,0.0,0.0,0.0,1
506,6.112117485434146,lo_top_Bid,44.98,44.97,45.0,44.95,0.0,0.0,0.0,0.0,1
507,6.1121290772428045,lo_top_Bid,44.98,44.97,45.0,44.95,0.0,0.0,0.0,0.0,1
508,6.112137637936191,mo_Bid,44.98,44.97,45.0,44.95,0.0,0.0,0.0,0.0,1
509,6.112148036776572,lo_top_Bid,44.98,44.97,45.0,44.95,0.0,0.0,0.0,0.0,1
510,6.112165563214691,lo_top_Bid,44.98,44.97,45.0,44.95,0.0,0.0,0.0,0.0,1
511,6.112176611080457,lo_top_Bid,44.98,44.97,45.0,44.95,0.0,0.0,0.0,0.0,1
512,6.112261192664221,lo_deep_Bid,44.98,44.97,45.0,44.95,0.0,0.0,0.0,0.0,1
513,6.112287671854294,co_top_Bid,44.98,44.97,45.0,44.95,0.0,0.0,0.0,0.0,1
514,6.112308675625816,mo_Bid,44.98,44.97,45.0,44.95,0.0,0.0,0.0,0.0,1
515,6.112335260736732,mo_Bid,44.98,44.97,45.0,44.95,0.0,0.0,0.0,0.0,1
516,6.112336471309687,lo_top_Bid,44.98,44.97,45.0,44.95,0.0,0.0,0.0,0.0,1
517,6.112364614278076,co_top_Bid,44.98,44.97,45.0,44.95,0.0,0.0,0.0,0.0,1
518,6.112371328957047,co_top_Bid,44.98,44.97,45.0,44.95,0.0,0.0,0.0,0.0,1
519,6.112377066926742,mo_Bid,44.98,44.97,45.0,44.95,0.0,0.0,0.0,0.0,1
520,6.112388598847444,co_top_Bid,44.98,44.97,45.0,44.95,0.0,0.0,0.0,0.0,1
521,6.112388902743378,mo_Bid,44.98,44.97,45.0,44.95,0.0,0.0,0.0,0.0,1
522,6.112396908485427,mo_Bid,44.98,44.97,45.0,44.95,0.0,0.0,0.0,0.0,1
523,6.112399903526621,lo_top_Bid,44.98,44.97,45.0,44.95,0.0,0.0,0.0,0.0,1
524,6.112410844934824,mo_Bid,44.98,44.97,45.0,44.95,0.0,0.0,0.0,0.0,1
525,6.1124144006542105,mo_Bid,44.98,44.97,45.0,44.95,0.0,0.0,0.0,0.0,1
526,6.11242351923906,co_top_Bid,44.98,44.97,45.0,44.95,0.0,0.0,0.0,0.0,1
527,6.112426029682725,mo_Bid,44.98,44.97,45.0,44.95,0.0,0.0,0.0,0.0,1
528,6.112432637933258,mo_Bid,44.98,44.97,45.0,44.95,0.0,0.0,0.0,0.0,1
529,6.112458938461336,co_deep_Bid,44.98,44.97,45.0,44.95,0.0,0.0,0.0,0.0,1
530,6.112469823735287,co_top_Bid,44.98,44.97,45.0,44.95,0.0,0.0,0.0,0.0,1
531,6.1125870707383445,mo_Bid,44.98,44.97,45.0,44.95,0.0,0.0,0.0,0.0,1
532,6.112636714731477,mo_Bid,44.98,44.97,45.0,44.95,0.0,0.0,0.0,0.0,1
533,6.112665932088896,mo_Ask,44.98,44.97,45.0,44.95,0.0,0.0,0.0,0.0,1
534,6.112685179737166,co_deep_Bid,44.98,44.97,45.0,44.95,0.0,0.0,0.0,0.0,1
535,6.112690135321674,co_deep_Bid,44.98,44.97,45.0,44.95,0.0,0.0,0.0,0.0,1
536,6.112796399310326,co_deep_Bid,44.98,44.97,45.0,44.95,0.0,0.0,0.0,0.0,1
537,6.112799902713852,lo_top_Bid,44.98,44.97,45.0,44.95,0.0,0.0,0.0,0.0,1
538,6.11300701677589,co_deep_Bid,44.98,44.97,45.0,44.95,0.0,0.0,0.0,0.0,1
539,6.113132810768532,lo_deep_Bid,44.98,44.97,45.0,44.95,0.0,0.0,0.0,0.0,1
540,6.1131777946568775,mo_Bid,44.98,44.97,45.0,44.95,0.0,0.0,0.0,0.0,1
541,6.113368161863492,co_deep_Bid,44.98,44.97,45.0,44.95,0.0,0.0,0.0,0.0,1
542,6.1133733548274,lo_deep_Bid,44.98,44.97,45.0,44.95,0.0,0.0,0.0,0.0,1
543,6.1134567204921995,lo_deep_Bid,44.98,44.97,45.0,44.95,0.0,0.0,0.0,0.0,1
544,6.113490913645431,co_top_Bid,44.98,44.97,45.0,44.95,0.0,0.0,0.0,0.0,1
545,6.113492606280135,lo_top_Bid,44.98,44.97,45.0,44.95,0.0,0.0,0.0,0.0,1
546,6.113522637279801,lo_deep_Bid,44.98,44.97,45.0,44.95,0.0,0.0,0.0,0.0,1
547,6.113562923521622,mo_Bid,44.98,44.97,45.0,44.95,0.0,0.0,0.0,0.0,1
548,6.113673710682992,lo_deep_Bid,44.98,44.97,45.0,44.95,0.0,0.0,0.0,0.0,1
549,6.11394617832205,mo_Bid,44.98,44.97,45.0,44.95,0.0,0.0,0.0,0.0,1
550,6.113973140355413,mo_Bid,44.98,44.97,45.0,44.95,0.0,0.0,0.0,0.0,1
551,6.114064477335985,mo_Bid,44.98,44.97,45.0,44.95,0.0,0.0,0.0,0.0,1
552,6.114135592038355,co_top_Bid,44.98,44.97,45.0,44.95,0.0,0.0,0.0,0.0,1
553,6.11420409006219,co_top_Bid,44.98,44.97,45.0,44.95,0.0,0.0,0.0,0.0,1
554,6.114258341119316,mo_Bid,44.98,44.97,45.0,44.95,0.0,0.0,0.0,0.0,1
555,6.114291057292618,co_top_Bid,44.98,44.97,45.0,44.95,0.0,0.0,0.0,0.0,1
556,6.114293759526896,lo_deep_Bid,44.98,44.97,45.0,44.95,0.0,0.0,0.0,0.0,1
557,6.114345391904163,lo_top_Bid,44.98,44.97,45.0,44.95,0.0,0.0,0.0,0.0,1
558,6.114356415948214,lo_top_Bid,44.98,44.97,45.0,44.95,0.0,0.0,0.0,0.0,1
559,6.1143690462871945,co_deep_Bid,44.98,44.97,45.0,44.95,0.0,0.0,0.0,0.0,1
560,6.11437408465732,mo_Bid,44.98,44.97,45.0,44.95,0.0,0.0,0.0,0.0,1
561,6.114375643158212,lo_top_Bid,44.98,44.97,45.0,44.95,0.0,0.0,0.0,0.0,1
562,6.114382301193272,lo_top_Bid,44.98,44.97,45.0,44.95,0.0,0.0,0.0,0.0,1
563,6.114417152698532,co_deep_Bid,44.98,44.97,45.0,44.95,0.0,0.0,0.0,0.0,1
564,6.114434733223864,co_deep_Bid,44.98,44.97,45.0,44.95,0.0,0.0,0.0,0.0,1
565,6.11444619133541,lo_top_Bid,44.98,44.97,45.0,44.95,0.0,0.0,0.0,0.0,1
566,6.114451751997026,lo_top_Bid,44.98,44.97,45.0,44.95,0.0,0.0,0.0,0.0,1
567,6.114466502666299,lo_top_Bid,44.98,44.97,45.0,44.95,0.0,0.0,0.0,0.0,1
568,6.114470799321161,mo_Bid,44.98,44.97,45.0,44.95,0.0,0.0,0.0,0.0,1
569,6.114512455412662,lo_top_Bid,44.98,44.97,45.0,44.95,0.0,0.0,0.0,0.0,1
570,6.114548310357919,lo_deep_Bid,44.98,44.97,45.0,44.95,0.0,0.0,0.0,0.0,1
571,6.1145985144768495,mo_Bid,44.98,44.97,45.0,44.95,0.0,0.0,0.0,0.0,1
572,6.114607555800423,mo_Bid,44.98,44.97,45.0,44.95,0.0,0.0,0.0,0.0,1
573,6.114650286067502,mo_Bid,44.98,44.97,45.0,44.95,0.0,0.0,0.0,0.0,1
574,6.114689913160114,lo_top_Bid,44.98,44.97,45.0,44.95,0.0,0.0,0.0,0.0,1
575,6.1147239557664905,co_deep_Bid,44.98,44.97,45.0,44.95,0.0,0.0,0.0,0.0,1
576,6.114733062338515,lo_top_Bid,44.98,44.97,45.0,44.95,0.0,0.0,0.0,0.0,1
577,6.114740640380714,lo_top_Bid,44.98,44.97,45.0,44.95,0.0,0.0,0.0,0.0,1
578,6.114783116928356,co_deep_Bid,44.98,44.97,45.0,44.95,0.0,0.0,0.0,0.0,1
579,6.114789622171435,lo_top_Bid,44.98,44.97,45.0,44.95,0.0,0.0,0.0,0.0,1
580,6.114836142345893,lo_top_Bid,44.98,44.97,45.0,44.95,0.0,0.0,0.0,0.0,1
581,6.1149100826571585,co_deep_Bid,44.98,44.97,45.0,44.95,0.0,0.0,0.0,0.0,1
582,6.114921068203271,co_deep_Bid,44.98,44.97,45.0,44.95,0.0,0.0,0.0,0.0,1
583,6.114929841572664,mo_Bid,44.98,44.97,45.0,44.95,0.0,0.0,0.0,0.0,1
584,6.114955647303406,lo_top_Bid,44.98,44.97,45.0,44.95,0.0,0.0,0.0,0.0,1
585,6.1149663919602935,lo_deep_Bid,44.98,44.97,45.0,44.95,0.0,0.0,0.0,0.0,1
586,6.11503372242257,mo_Bid,44.98,44.97,45.0,44.95,0.0,0.0,0.0,0.0,1
587,6.115067985903215,mo_Bid,44.98,44.97,45.0,44.95,0.0,0.0,0.0,0.0,1
588,6.115184075067072,lo_top_Bid,44.98,44.97,45.0,44.95,0.0,0.0,0.0,0.0,1
589,6.115238162987443,lo_deep_Bid,44.98,44.97,45.0,44.95,0.0,0.0,0.0,0.0,1
590,6.115314974123961,lo_top_Bid,44.98,44.97,45.0,44.95,0.0,0.0,0.0,0.0,1
591,6.115328929005137,mo_Bid,44.98,44.97,45.0,44.95,0.0,0.0,0.0,0.0,1
592,6.115432422801958,lo_top_Bid,44.98,44.97,45.0,44.95,0.0,0.0,0.0,0.0,1
593,6.11545972967835,lo_top_Ask,44.98,44.97,45.0,44.95,0.0,0.0,0.0,0.0,1
594,6.115667277065738,mo_Bid,44.98,44.97,45.0,44.95,0.0,0.0,0.0,0.0,1
595,6.115923832679415,lo_top_Bid,44.98,44.97,45.0,44.95,0.0,0.0,0.0,0.0,1
596,6.115928760612865,mo_Bid,44.98,44.97,45.0,44.95,0.0,0.0,0.0,0.0,1
597,6.115982320742958,co_deep_Bid,44.98,44.97,45.0,44.95,0.0,0.0,0.0,0.0,1
598,6.1159921584202666,mo_Bid,44.98,44.97,45.0,44.95,0.0,0.0,0.0,0.0,1
599,6.116251949115714,lo_deep_Bid,44.98,44.97,45.0,44.95,0.0,0.0,0.0,0.0,1
600,6.116381523853102,mo_Bid,44.98,44.97,45.0,44.95,0.0,0.0,0.0,0.0,1
601,6.1164410789764565,co_deep_Bid,44.98,44.97,45.0,44.95,0.0,0.0,0.0,0.0,1
602,6.1164436936505675,lo_deep_Bid,44.98,44.97,45.0,44.95,0.0,0.0,0.0,0.0,1
603,6.116469968318599,lo_deep_Bid,44.98,44.97,45.0,44.95,0.0,0.0,0.0,0.0,1
604,6.116725781436093,co_deep_Bid,44.98,44.97,45.0,44.95,0.0,0.0,0.0,0.0,1
605,6.1170424945747115,mo_Bid,44.98,44.97,45.0,44.95,0.0,0.0,0.0,0.0,1
606,6.117281736618807,lo_deep_Bid,44.98,44.97,45.0,44.95,0.0,0.0,0.0,0.0,1
607,6.1174308542111975,lo_deep_Bid,44.98,44.97,45.0,44.95,0.0,0.0,0.0,0.0,1
608,6.117485873037103,lo_deep_Bid,44.98,44.97,45.0,44.95,0.0,0.0,0.0,0.0,1
609,6.117701469179725,lo_deep_Bid,44.98,44.97,45.0,44.95,0.0,0.0,0.0,0.0,1
610,6.117718464431725,co_top_Bid,44.98,44.97,45.0,44.95,0.0,0.0,0.0,0.0,1
611,6.117874613333359,mo_Bid,44.98,44.97,45.0,44.95,0.0,0.0,0.0,0.0,1
612,6.118069797918609,co_top_Bid,44.98,44.97,45.0,44.95,0.0,0.0,0.0,0.0,1
613,6.118440008327747,mo_Bid,44.98,44.97,45.0,44.95,0.0,0.0,0.0,0.0,1
614,6.1187019507000855,lo_top_Bid,44.98,44.97,45.0,44.95,0.0,0.0,0.0,0.0,1
615,6.119186128367564,lo_top_Bid,44.98,44.97,45.0,44.95,0.0,0.0,0.0,0.0,1
616,6.119525868931825,co_deep_Bid,44.98,44.97,45.0,44.95,0.0,0.0,0.0,0.0,1
617,6.119526570226782,lo_top_Bid,44.98,44.97,45.0,44.95,0.0,0.0,0.0,0.0,1
618,6.119681859815664,co_deep_Bid,44.98,44.97,45.0,44.95,0.0,0.0,0.0,0.0,1
619,6.125176646382412,lo_deep_Bid,44.98,44.97,45.0,44.95,0.0,0.0,0.0,0.0,1
620,6.125662156244854,lo_deep_Bid,44.98,44.97,45.0,44.95,0.0,0.0,0.0,0.0,1
621,6.125711019473457,lo_top_Bid,44.98,44.97,45.0,44.95,0.0,0.0,0.0,0.0,1
622,6.126452655484983,lo_top_Bid,44.98,44.97,45.0,44.95,0.0,0.0,0.0,0.0,1
623,6.126666024078913,mo_Bid,44.98,44.97,45.0,44.95,0.0,0.0,0.0,0.0,1
624,6.1274789506943,lo_top_Bid,44.98,44.97,45.0,44.95,0.0,0.0,0.0,0.0,1
625,6.127989854592426,lo_deep_Bid,44.98,44.97,45.0,44.95,0.0,0.0,0.0,0.0,1
626,6.127995497953265,lo_deep_Bid,44.98,44.97,45.0,44.95,0.0,0.0,0.0,0.0,1
627,6.12819927334102,lo_deep_Bid,44.98,44.97,45.0,44.95,0.0,0.0,0.0,0.0,1
628,6.12852219467241,lo_top_Bid,44.98,44.97,45.0,44.95,0.0,0.0,0.0,0.0,1
629,6.12887290285673,lo_deep_Bid,44.98,44.97,45.0,44.95,0.0,0.0,0.0,0.0,1
630,6.130078984029871,mo_Ask,44.98,44.97,45.0,44.95,0.0,0.0,0.0,0.0,1
631,6.130099011538317,mo_Ask,44.98,44.97,45.0,44.95,0.0,0.0,0.0,0.0,1
632,6.13059399123506,lo_deep_Bid,44.98,44.97,45.0,44.95,0.0,0.0,0.0,0.0,1
633,6.1394237903784035,lo_top_Bid,44.98,44.97,45.0,44.95,0.0,0.0,0.0,0.0,1
634,6.1394979458980234,lo_top_Bid,44.98,44.97,45.0,44.95,0.0,0.0,0.0,0.0,1
635,6.139511852821419,lo_deep_Bid,44.98,44.97,45.0,44.95,0.0,0.0,0.0,0.0,1
636,6.139720675508629,lo_deep_Bid,44.98,44.97,45.0,44.95,0.0,0.0,0.0,0.0,1
637,6.141068445853489,lo_top_Bid,44.98,44.97,45.0,44.95,0.0,0.0,0.0,0.0,1
638,6.142527657938686,co_deep_Bid,44.98,44.97,45.0,44.95,0.0,0.0,0.0,0.0,1
639,6.142972263350425,co_deep_Bid,44.98,44.97,45.0,44.95,0.0,0.0,0.0,0.0,1
640,6.143022037862176,lo_top_Bid,44.98,44.97,45.0,44.95,0.0,0.0,0.0,0.0,1
641,6.143280125645257,co_deep_Bid,44.98,44.97,45.0,44.95,0.0,0.0,0.0,0.0,1
642,6.1433481346493455,co_deep_Bid,44.98,44.97,45.0,44.95,0.0,0.0,0.0,0.0,1
643,6.143399771741167,lo_top_Bid,44.98,44.97,45.0,44.95,0.0,0.0,0.0,0.0,1
644,6.143401077988888,mo_Bid,44.98,44.97,45.0,44.95,0.0,0.0,0.0,0.0,1
645,6.143521747060346,mo_Bid,44.98,44.97,45.0,44.95,0.0,0.0,0.0,0.0,1
646,6.143724656040823,co_deep_Bid,44.98,44.97,45.0,44.95,0.0,0.0,0.0,0.0,1
647,6.1438548918504505,mo_Bid,44.98,44.97,45.0,44.95,0.0,0.0,0.0,0.0,1
648,6.143863820909203,mo_Bid,44.98,44.97,45.0,44.95,0.0,0.0,0.0,0.0,1
649,6.143869527336637,mo_Ask,44.98,44.97,45.0,44.95,0.0,0.0,0.0,0.0,1
650,6.14394925729346,co_deep_Bid,44.98,44.97,45.0,44.95,0.0,0.0,0.0,0.0,1
651,6.14397752003607,lo_top_Bid,44.98,44.97,45.0,44.95,0.0,0.0,0.0,0.0,1
652,6.1439794866265265,co_deep_Bid,44.98,44.97,45.0,44.95,0.0,0.0,0.0,0.0,1
653,6.144024708214655,lo_top_Bid,44.98,44.97,45.0,44.95,0.0,0.0,0.0,0.0,1
654,6.144030829504842,mo_Bid,44.98,44.97,45.0,44.95,0.0,0.0,0.0,0.0,1
655,6.144148680482798,lo_top_Bid,44.98,44.97,45.0,44.95,0.0,0.0,0.0,0.0,1
656,6.144167234363302,mo_Ask,44.98,44.97,45.0,44.95,0.0,0.0,0.0,0.0,1
657,6.14448597959295,co_deep_Ask,44.98,44.97,45.0,44.95,0.0,0.0,0.0,0.0,1
658,6.1447911837300015,co_deep_Ask,44.98,44.97,45.0,44.95,0.0,0.0,0.0,0.0,1
659,6.144927823690516,lo_top_Bid,44.98,44.97,45.0,44.95,0.0,0.0,0.0,0.0,1
660,6.144994793210699,lo_top_Ask,44.98,44.97,45.0,44.95,0.0,0.0,0.0,0.0,1
661,6.145032954622337,lo_top_Ask,44.98,44.97,45.0,44.95,0.0,0.0,0.0,0.0,1
662,6.145065859857213,co_deep_Ask,44.98,44.97,45.0,44.95,0.0,0.0,0.0,0.0,1
663,6.145096993936136,lo_top_Ask,44.98,44.97,45.0,44.95,0.0,0.0,0.0,0.0,1
664,6.145149701306539,lo_top_Bid,44.98,44.97,45.0,44.95,0.0,0.0,0.0,0.0,1
665,6.145161434699306,co_deep_Bid,44.98,44.97,45.0,44.95,0.0,0.0,0.0,0.0,1
666,6.145165046989376,lo_top_Ask,44.98,44.97,45.0,44.95,0.0,0.0,0.0,0.0,1
667,6.145191299124218,co_top_Ask,44.98,44.97,45.0,44.95,0.0,0.0,0.0,0.0,1
668,6.1452197332452485,lo_top_Ask,44.98,44.97,45.0,44.95,0.0,0.0,0.0,0.0,1
669,6.145224047039878,lo_top_Ask,44.98,44.97,45.0,44.95,0.0,0.0,0.0,0.0,1
670,6.145245262505307,lo_top_Ask,44.98,44.97,45.0,44.95,0.0,0.0,0.0,0.0,1
671,6.145267504876197,co_deep_Ask,44.98,44.97,45.01,44.95,0.0,0.0,0.0,0.00999999999999801,1
672,6.145279907816519,co_deep_Bid,44.98,44.97,45.01,44.95,0.0,0.0,0.0,0.0,1
673,6.145338290568491,mo_Bid,44.98,44.97,45.01,44.95,0.0,0.0,0.0,0.0,1
674,6.14536743188201,lo_deep_Bid,44.98,44.97,45.01,44.95,0.0,0.0,0.0,0.0,1
675,6.145418255287746,co_deep_Ask,44.98,44.97,45.01,44.95,0.0,0.0,0.0,0.0,1
676,6.145432794772923,co_top_Ask,44.98,44.97,45.01,44.95,0.0,0.0,0.0,0.0,1
677,6.145459503571541,mo_Bid,44.98,44.97,45.01,44.95,0.0,0.0,0.0,0.0,1
678,6.145485508546788,co_deep_Ask,44.98,44.97,45.01,44.95,0.0,0.0,0.0,0.0,1
679,6.1455268250126895,lo_top_Ask,44.98,44.97,45.01,44.95,0.0,0.0,0.0,0.0,1
680,6.145539177503309,co_deep_Ask,44.98,44.97,45.01,44.95,0.0,0.0,0.0,0.0,1
681,6.145580611189006,lo_deep_Bid,44.98,44.97,45.01,44.95,0.0,0.0,0.0,0.0,1
682,6.145612157325238,lo_top_Ask,44.98,44.97,45.01,44.95,0.0,0.0,0.0,0.0,1
683,6.145738843983977,co_top_Ask,44.98,44.97,45.01,44.95,0.0,0.0,0.0,0.0,1
684,6.145771232067865,co_deep_Ask,44.98,44.97,45.01,44.95,0.0,0.0,0.0,0.0,1
685,6.145889991099039,lo_deep_Ask,44.98,44.97,44.99,44.95,0.0,0.0,0.0,-0.01999999999999602,1
686,6.147255060906459,lo_top_Ask,44.98,44.97,44.99,44.95,0.0,0.0,0.0,0.0,1
687,6.1472981783913205,co_top_Bid,44.98,44.97,44.99,44.95,0.0,0.0,0.0,0.0,1
688,6.147576614418593,co_top_Bid,44.98,44.97,44.99,44.95,0.0,0.0,0.0,0.0,1
689,6.147641026043903,co_top_Bid,44.98,44.97,44.99,44.95,0.0,0.0,0.0,0.0,1
690,6.147649020132123,co_deep_Bid,44.98,44.97,44.99,44.95,0.0,0.0,0.0,0.0,1
691,6.147735513885461,lo_top_Bid,44.98,44.97,44.99,44.95,0.0,0.0,0.0,0.0,1
692,6.1477452310064,mo_Bid,44.98,44.97,44.99,44.95,0.0,0.0,0.0,0.0,1
693,6.147778990518688,lo_top_Bid,44.98,44.97,44.99,44.95,0.0,0.0,0.0,0.0,1
694,6.1505285175106525,co_deep_Bid,44.98,44.97,44.99,44.95,0.0,0.0,0.0,0.0,1
695,6.150762189306821,lo_top_Bid,44.98,44.97,44.99,44.95,0.0,0.0,0.0,0.0,1
696,6.150899962746412,co_deep_Bid,44.98,44.97,44.99,44.95,0.0,0.0,0.0,0.0,1
697,6.1536610287593145,co_deep_Bid,44.98,44.97,44.99,44.95,0.0,0.0,0.0,0.0,1
698,6.153722326487625,co_deep_Bid,44.98,44.97,44.99,44.95,0.0,0.0,0.0,0.0,1
699,6.153741960059236,co_deep_Bid,44.98,44.97,44.99,44.95,0.0,0.0,0.0,0.0,1
700,6.1537691170000794,lo_top_Bid,44.98,44.97,44.99,44.95,0.0,0.0,0.0,0.0,1
701,6.153792087182394,co_deep_Bid,44.98,44.97,44.99,44.95,0.0,0.0,0.0,0.0,1
702,6.153805481017112,lo_deep_Bid,44.98,44.97,44.99,44.95,0.0,0.0,0.0,0.0,1
703,6.154195658602215,lo_top_Bid,44.98,44.97,44.99,44.95,0.0,0.0,0.0,0.0,1
704,6.154209421118686,co_deep_Bid,44.98,44.97,44.99,44.95,0.0,0.0,0.0,0.0,1
705,6.154435044174472,mo_Bid,44.98,44.97,44.99,44.95,0.0,0.0,0.0,0.0,1
706,6.1545364013251405,lo_deep_Ask,44.98,44.97,44.99,44.95,0.0,0.0,0.0,0.0,1
707,6.154662499852578,lo_top_Bid,44.98,44.97,44.99,44.95,0.0,0.0,0.0,0.0,1
708,6.154724891233337,co_deep_Bid,44.98,44.97,44.99,44.95,0.0,0.0,0.0,0.0,1
709,6.154774788140607,lo_top_Bid,44.98,44.97,44.99,44.95,0.0,0.0,0.0,0.0,1
710,6.154795224631117,lo_deep_Bid,44.98,44.97,44.99,44.95,0.0,0.0,0.0,0.0,1
711,6.15481605154363,lo_top_Bid,44.98,44.97,44.99,44.95,0.0,0.0,0.0,0.0,1
712,6.154875931190003,lo_deep_Bid,44.98,44.97,44.99,44.95,0.0,0.0,0.0,0.0,1
713,6.1548850801159425,lo_top_Bid,44.98,44.97,44.99,44.95,0.0,0.0,0.0,0.0,1
714,6.154937806209869,lo_top_Bid,44.98,44.97,44.99,44.95,0.0,0.0,0.0,0.0,1
715,6.155018935801685,mo_Bid,44.98,44.97,44.99,44.95,0.0,0.0,0.0,0.0,1
716,6.155059052834053,co_deep_Bid,44.98,44.97,44.99,44.95,0.0,0.0,0.0,0.0,1
717,6.155110459660367,mo_Bid,44.98,44.97,44.99,44.95,0.0,0.0,0.0,0.0,1
718,6.155637395022861,lo_deep_Ask,44.98,44.97,44.99,44.95,0.0,0.0,0.0,0.0,1
719,6.155675708827399,lo_deep_Ask,44.98,44.97,44.99,44.95,0.0,0.0,0.0,0.0,1
720,6.155773461494342,lo_deep_Ask,44.98,44.97,44.99,44.95,0.0,0.0,0.0,0.0,1
721,6.157481202741272,lo_deep_Ask,44.98,44.97,44.99,44.95,0.0,0.0,0.0,0.0,1
722,6.157657832580632,lo_deep_Ask,44.98,44.97,44.99,44.95,0.0,0.0,0.0,0.0,1
723,6.157805909385445,lo_top_Bid,44.98,44.97,44.99,44.95,0.0,0.0,0.0,0.0,1
724,6.158936659591762,lo_deep_Ask,44.98,44.97,44.99,44.95,0.0,0.0,0.0,0.0,1
725,6.159327526500255,mo_Bid,44.98,44.97,44.99,44.95,0.0,0.0,0.0,0.0,1
726,6.1594910624266195,mo_Bid,44.98,44.97,44.99,44.95,0.0,0.0,0.0,0.0,1
727,6.1595997969967415,lo_deep_Ask,44.98,44.97,44.99,44.95,0.0,0.0,0.0,0.0,1
728,6.159686272212815,lo_deep_Ask,44.98,44.97,44.99,44.95,0.0,0.0,0.0,0.0,1
729,6.159739406075471,lo_deep_Ask,44.98,44.97,44.99,44.95,0.0,0.0,0.0,0.0,1
730,6.159835754845201,mo_Bid,44.98,44.97,44.99,44.95,0.0,0.0,0.0,0.0,1
731,6.160206074506995,lo_deep_Ask,44.98,44.97,44.99,44.95,0.0,0.0,0.0,0.0,1
732,6.160714403762993,lo_deep_Ask,44.98,44.97,44.99,44.95,0.0,0.0,0.0,0.0,1
733,6.1607950718807825,mo_Bid,44.98,44.97,44.99,44.95,0.0,0.0,0.0,0.0,1
734,6.160809534578092,lo_top_Bid,44.98,44.97,44.99,44.95,0.0,0.0,0.0,0.0,1
735,6.160878207049666,lo_deep_Ask,44.98,44.97,44.99,44.95,0.0,0.0,0.0,0.0,1
736,6.167106496074385,lo_top_Bid,44.98,44.97,44.99,44.95,0.0,0.0,0.0,0.0,1
737,6.167519253774175,lo_top_Bid,44.98,44.97,44.99,44.95,0.0,0.0,0.0,0.0,1
738,6.167683281188357,mo_Bid,44.98,44.97,44.99,44.95,0.0,0.0,0.0,0.0,1
739,6.169484661519971,co_deep_Bid,44.98,44.97,44.99,44.95,0.0,0.0,0.0,0.0,1
740,6.171940159546832,lo_deep_Bid,44.98,44.97,44.99,44.95,0.0,0.0,0.0,0.0,1
741,6.174475454838138,lo_top_Bid,44.98,44.97,44.99,44.95,0.0,0.0,0.0,0.0,1
742,6.1745199511395,lo_top_Bid,44.98,44.97,44.99,44.95,0.0,0.0,0.0,0.0,1
743,6.175696414962209,co_deep_Bid,44.98,44.97,44.99,44.95,0.0,0.0,0.0,0.0,1
744,6.176832361075134,lo_deep_Bid,44.98,44.97,44.99,44.95,0.0,0.0,0.0,0.0,1
745,6.17731732252624,lo_deep_Bid,44.98,44.97,44.99,44.95,0.0,0.0,0.0,0.0,1
746,6.177370800644168,lo_deep_Bid,44.98,44.97,44.99,44.95,0.0,0.0,0.0,0.0,1
747,6.177676612118002,lo_deep_Bid,44.98,44.97,44.99,44.95,0.0,0.0,0.0,0.0,1
748,6.177751340789309,lo_top_Bid,44.98,44.97,44.99,44.95,0.0,0.0,0.0,0.0,1
749,6.178083347611328,lo_deep_Bid,44.98,44.97,44.99,44.95,0.0,0.0,0.0,0.0,1
750,6.178108071196748,lo_deep_Bid,44.98,44.97,44.99,44.95,0.0,0.0,0.0,0.0,1
751,6.178419303840993,lo_deep_Bid,44.98,44.97,44.99,44.95,0.0,0.0,0.0,0.0,1
752,6.178434746987776,lo_deep_Bid,44.98,44.97,44.99,44.95,0.0,0.0,0.0,0.0,1
753,6.178455501931518,lo_deep_Bid,44.98,44.97,44.99,44.95,0.0,0.0,0.0,0.0,1
754,6.178478086446509,lo_deep_Bid,44.98,44.97,44.99,44.95,0.0,0.0,0.0,0.0,1
755,6.178824460552451,lo_deep_Bid,44.98,44.97,44.99,44.95,0.0,0.0,0.0,0.0,1
756,6.178855799031055,lo_deep_Bid,44.98,44.97,44.99,44.95,0.0,0.0,0.0,0.0,1
757,6.178921064570261,lo_deep_Bid,44.98,44.97,44.99,44.95,0.0,0.0,0.0,0.0,1
758,6.179336490731216,lo_deep_Bid,44.98,44.97,44.99,44.95,0.0,0.0,0.0,0.0,1
759,6.179534872087206,lo_deep_Bid,44.98,44.97,44.99,44.95,0.0,0.0,0.0,0.0,1
760,6.179615520727174,lo_top_Bid,44.98,44.97,44.99,44.95,0.0,0.0,0.0,0.0,1
761,6.179965274903216,lo_deep_Bid,44.98,44.97,44.99,44.95,0.0,0.0,0.0,0.0,1
762,6.1799696718404356,lo_deep_Bid,44.98,44.97,44.99,44.95,0.0,0.0,0.0,0.0,1
763,6.180566805861001,lo_top_Bid,44.98,44.97,44.99,44.95,0.0,0.0,0.0,0.0,1
764,6.180587423714406,lo_top_Bid,44.98,44.97,44.99,44.95,0.0,0.0,0.0,0.0,1
765,6.2183990529678,co_deep_Bid,44.98,44.97,44.99,44.95,0.0,0.0,0.0,0.0,1
766,6.218400253257728,lo_deep_Bid,44.98,44.97,44.99,44.95,0.0,0.0,0.0,0.0,1
767,6.218458353355185,co_deep_Bid,44.98,44.97,44.99,44.95,0.0,0.0,0.0,0.0,1
768,6.2192042464997925,lo_top_Bid,44.98,44.97,44.99,44.95,0.0,0.0,0.0,0.0,1
769,6.21926953386701,lo_deep_Bid,44.98,44.97,44.99,44.95,0.0,0.0,0.0,0.0,1
770,6.2193220507341,lo_deep_Bid,44.98,44.97,44.99,44.95,0.0,0.0,0.0,0.0,1
771,6.220380936371584,lo_deep_Bid,44.98,44.97,44.99,44.95,0.0,0.0,0.0,0.0,1
772,6.221065852961946,lo_deep_Bid,44.98,44.97,44.99,44.95,0.0,0.0,0.0,0.0,1
773,6.221331354980744,lo_deep_Bid,44.98,44.97,44.99,44.95,0.0,0.0,0.0,0.0,1
774,6.2246783170980216,lo_deep_Bid,44.98,44.97,44.99,44.95,0.0,0.0,0.0,0.0,1
775,6.224694562895045,lo_deep_Bid,44.98,44.97,44.99,44.95,0.0,0.0,0.0,0.0,1
776,6.230772492438889,lo_deep_Bid,44.98,44.97,44.99,44.95,0.0,0.0,0.0,0.0,1
777,6.27246227833646,lo_top_Bid,44.98,44.97,44.99,44.95,0.0,0.0,0.0,0.0,1
778,6.273512546801102,lo_deep_Bid,44.98,44.97,44.99,44.95,0.0,0.0,0.0,0.0,1
779,6.275683548183588,lo_deep_Ask,44.98,44.97,44.99,44.95,0.0,0.0,0.0,0.0,1
780,6.375568070933439,lo_top_Bid,44.98,44.97,44.99,44.95,0.0,0.0,0.0,0.0,1
781,6.375568281105286,lo_top_Bid,44.98,44.97,44.99,44.95,0.0,0.0,0.0,0.0,1
782,6.3756050767909755,mo_Bid,44.98,44.97,44.99,44.95,0.0,0.0,0.0,0.0,1
783,6.375619463048615,lo_top_Bid,44.98,44.97,44.99,44.95,0.0,0.0,0.0,0.0,1
784,6.375635055267631,co_deep_Bid,44.98,44.97,44.99,44.95,0.0,0.0,0.0,0.0,1
785,6.375698111015025,co_deep_Bid,44.98,44.97,44.99,44.95,0.0,0.0,0.0,0.0,1
786,6.375701745468629,co_deep_Bid,44.98,44.97,44.99,44.95,0.0,0.0,0.0,0.0,1
787,6.375723604111826,lo_top_Bid,44.98,44.97,44.99,44.95,0.0,0.0,0.0,0.0,1
788,6.37574399337312,lo_top_Bid,44.98,44.97,44.99,44.95,0.0,0.0,0.0,0.0,1
789,6.375749227877561,mo_Bid,44.98,44.97,44.99,44.95,0.0,0.0,0.0,0.0,1
790,6.375757264541339,co_deep_Bid,44.98,44.97,44.99,44.95,0.0,0.0,0.0,0.0,1
791,6.375961488779658,co_deep_Bid,44.98,44.97,44.99,44.95,0.0,0.0,0.0,0.0,1
792,6.376006041761802,co_deep_Bid,44.98,44.97,44.99,44.95,0.0,0.0,0.0,0.0,1
793,6.376071681026289,co_deep_Bid,44.98,44.97,44.99,44.95,0.0,0.0,0.0,0.0,1
794,6.376084040408264,lo_top_Bid,44.98,44.97,44.99,44.95,0.0,0.0,0.0,0.0,1
795,6.376098446910417,co_deep_Bid,44.98,44.97,44.99,44.95,0.0,0.0,0.0,0.0,1
796,6.3761997025469626,co_deep_Bid,44.98,44.97,44.99,44.95,0.0,0.0,0.0,0.0,1
797,6.376532827653614,mo_Bid,44.98,44.97,44.99,44.95,0.0,0.0,0.0,0.0,1
798,6.3766269043312125,co_top_Bid,44.98,44.97,44.99,44.95,0.0,0.0,0.0,0.0,1
799,6.376733554279001,co_deep_Bid,44.98,44.97,44.99,44.95,0.0,0.0,0.0,0.0,1
800,6.377954397003364,mo_Bid,44.98,44.97,44.99,44.95,0.0,0.0,0.0,0.0,1
801,6.378000589767049,mo_Bid,44.98,44.97,44.99,44.95,0.0,0.0,0.0,0.0,1
802,6.37802330584663,co_top_Bid,44.98,44.97,44.99,44.95,0.0,0.0,0.0,0.0,1
803,6.3780449544751185,lo_top_Bid,44.98,44.97,44.99,44.95,0.0,0.0,0.0,0.0,1
804,6.378996350081082,mo_Ask,44.98,44.97,44.99,44.95,0.0,0.0,0.0,0.0,1
805,6.37966117129283,lo_top_Bid,44.98,44.97,44.99,44.95,0.0,0.0,0.0,0.0,1
806,6.380113389746677,co_deep_Bid,44.98,44.97,44.99,44.95,0.0,0.0,0.0,0.0,1
807,6.380150323260989,co_deep_Bid,44.98,44.97,44.99,44.95,0.0,0.0,0.0,0.0,1
808,6.380235754990789,co_deep_Bid,44.98,44.97,44.99,44.95,0.0,0.0,0.0,0.0,1
809,6.3806209169437045,co_deep_Bid,44.98,44.97,44.99,44.95,0.0,0.0,0.0,0.0,1
810,6.380677706770557,co_deep_Bid,44.98,44.97,44.99,44.95,0.0,0.0,0.0,0.0,1
811,6.380696655739793,lo_top_Bid,44.98,44.97,44.99,44.95,0.0,0.0,0.0,0.0,1
812,6.380735315223681,co_deep_Bid,44.98,44.97,44.99,44.95,0.0,0.0,0.0,0.0,1
813,6.3807529643509735,co_deep_Bid,44.98,44.97,44.99,44.95,0.0,0.0,0.0,0.0,1
814,6.380759217863179,mo_Bid,44.98,44.97,44.99,44.95,0.0,0.0,0.0,0.0,1
815,6.3807912614134255,lo_deep_Bid,44.98,44.97,44.99,44.95,0.0,0.0,0.0,0.0,1
816,6.380815701447756,lo_deep_Bid,44.98,44.97,44.99,44.95,0.0,0.0,0.0,0.0,1
817,6.380816175310517,lo_top_Bid,44.98,44.97,44.99,44.95,0.0,0.0,0.0,0.0,1
818,6.380824676017692,mo_Bid,44.98,44.97,44.99,44.95,0.0,0.0,0.0,0.0,1
819,6.380860064318437,mo_Bid,44.98,44.97,44.99,44.95,0.0,0.0,0.0,0.0,1
820,6.3808683877379435,lo_top_Bid,44.98,44.97,44.99,44.95,0.0,0.0,0.0,0.0,1
821,6.38088176853751,lo_deep_Bid,44.98,44.97,44.99,44.95,0.0,0.0,0.0,0.0,1
822,6.380915023888637,co_deep_Bid,44.98,44.97,44.99,44.95,0.0,0.0,0.0,0.0,1
823,6.3809513344566815,mo_Bid,44.98,44.97,44.99,44.95,0.0,0.0,0.0,0.0,1
824,6.380975656162101,mo_Bid,44.98,44.97,44.99,44.95,0.0,0.0,0.0,0.0,1
825,6.381076712814862,co_deep_Bid,44.98,44.97,44.99,44.95,0.0,0.0,0.0,0.0,1
826,6.381096720201392,lo_top_Bid,44.98,44.97,44.99,44.95,0.0,0.0,0.0,0.0,1
827,6.3811607620728,mo_Bid,44.98,44.97,44.99,44.95,0.0,0.0,0.0,0.0,1
828,6.381172137355169,co_deep_Bid,44.98,44.97,44.99,44.95,0.0,0.0,0.0,0.0,1
829,6.381179590303385,lo_top_Bid,44.98,44.97,44.99,44.95,0.0,0.0,0.0,0.0,1
830,6.381194203787649,lo_deep_Bid,44.98,44.97,44.99,44.95,0.0,0.0,0.0,0.0,1
831,6.38125567006296,lo_deep_Bid,44.98,44.97,44.99,44.95,0.0,0.0,0.0,0.0,1
832,6.381274175574651,lo_top_Bid,44.98,44.97,44.99,44.95,0.0,0.0,0.0,0.0,1
833,6.381347273307914,co_deep_Bid,44.98,44.97,44.99,44.95,0.0,0.0,0.0,0.0,1
834,6.381354904114209,lo_top_Bid,44.98,44.97,44.99,44.95,0.0,0.0,0.0,0.0,1
835,6.381406837069796,mo_Bid,44.98,44.97,44.99,44.95,0.0,0.0,0.0,0.0,1
836,6.381409265476452,co_deep_Bid,44.98,44.97,44.99,44.95,0.0,0.0,0.0,0.0,1
837,6.381416721897864,co_deep_Bid,44.98,44.97,44.99,44.95,0.0,0.0,0.0,0.0,1
838,6.381422769380973,mo_Bid,44.98,44.97,44.99,44.95,0.0,0.0,0.0,0.0,1
839,6.381426778291488,lo_deep_Bid,44.98,44.97,44.99,44.95,0.0,0.0,0.0,0.0,1
840,6.3814461597893315,mo_Ask,44.98,44.97,44.99,44.95,0.0,0.0,0.0,0.0,1
841,6.381462655955184,mo_Ask,44.98,44.97,44.99,44.95,0.0,0.0,0.0,0.0,1
842,6.381486205115426,lo_deep_Bid,44.98,44.97,44.99,44.95,0.0,0.0,0.0,0.0,1
843,6.381497247216008,mo_Ask,44.98,44.97,44.99,44.95,0.0,0.0,0.0,0.0,1
844,6.381539117833441,mo_Ask,44.98,44.97,44.99,44.95,0.0,0.0,0.0,0.0,1
845,6.3815821674854645,co_deep_Bid,44.98,44.97,44.99,44.95,0.0,0.0,0.0,0.0,1
846,6.381611041996928,lo_deep_Bid,44.98,44.97,44.99,44.95,0.0,0.0,0.0,0.0,1
847,6.3816362614527185,co_deep_Bid,44.98,44.97,44.99,44.95,0.0,0.0,0.0,0.0,1
848,6.3816608162456445,lo_top_Bid,44.98,44.97,44.99,44.95,0.0,0.0,0.0,0.0,1
849,6.3817192385453705,lo_deep_Bid,44.98,44.97,44.99,44.95,0.0,0.0,0.0,0.0,1
850,6.3817206563455295,lo_deep_Bid,44.98,44.97,44.99,44.95,0.0,0.0,0.0,0.0,1
851,6.381778402423915,lo_deep_Bid,44.98,44.97,44.99,44.95,0.0,0.0,0.0,0.0,1
852,6.38178371840678,lo_top_Bid,44.98,44.97,44.99,44.95,0.0,0.0,0.0,0.0,1
853,6.381793881193609,mo_Bid,44.98,44.97,44.99,44.95,0.0,0.0,0.0,0.0,1
854,6.381802387086726,lo_deep_Bid,44.98,44.97,44.99,44.95,0.0,0.0,0.0,0.0,1
855,6.38186147708845,mo_Bid,44.98,44.97,44.99,44.95,0.0,0.0,0.0,0.0,1
856,6.38190093384243,mo_Bid,44.98,44.97,44.99,44.95,0.0,0.0,0.0,0.0,1
857,6.382121336203702,mo_Ask,44.98,44.97,44.99,44.95,0.0,0.0,0.0,0.0,1
858,6.382197267138073,lo_top_Bid,44.98,44.97,44.99,44.95,0.0,0.0,0.0,0.0,1
859,6.382284628624153,co_deep_Bid,44.98,44.97,44.99,44.95,0.0,0.0,0.0,0.0,1
860,6.3823492151591585,co_deep_Bid,44.98,44.97,44.99,44.95,0.0,0.0,0.0,0.0,1
861,6.382375189285572,mo_Bid,44.98,44.97,44.99,44.95,0.0,0.0,0.0,0.0,1
862,6.382401581877482,co_deep_Bid,44.98,44.97,44.99,44.95,0.0,0.0,0.0,0.0,1
863,6.382436802214939,co_deep_Bid,44.98,44.97,44.99,44.95,0.0,0.0,0.0,0.0,1
864,6.3825795976103095,mo_Bid,44.98,44.97,44.99,44.95,0.0,0.0,0.0,0.0,1
865,6.382582357769457,mo_Bid,44.98,44.97,44.99,44.95,0.0,0.0,0.0,0.0,1
866,6.382601536501385,lo_deep_Bid,44.98,44.97,44.99,44.95,0.0,0.0,0.0,0.0,1
867,6.3826741233248665,co_top_Bid,44.98,44.97,44.99,44.95,0.0,0.0,0.0,0.0,1
868,6.38269065983547,mo_Bid,44.98,44.97,44.99,44.95,0.0,0.0,0.0,0.0,1
869,6.382705024570749,mo_Bid,44.98,44.97,44.99,44.95,0.0,0.0,0.0,0.0,1
870,6.382712676049457,co_top_Bid,44.98,44.97,44.99,44.95,0.0,0.0,0.0,0.0,1
871,6.382721989390627,mo_Ask,44.98,44.97,44.99,44.95,0.0,0.0,0.0,0.0,1
872,6.38273158817625,mo_Bid,44.98,44.97,44.99,44.95,0.0,0.0,0.0,0.0,1
873,6.382774643131926,lo_deep_Bid,44.98,44.97,44.99,44.95,0.0,0.0,0.0,0.0,1
874,6.382780210497842,co_top_Bid,44.98,44.97,44.99,44.95,0.0,0.0,0.0,0.0,1
875,6.382832339541396,lo_top_Bid,44.98,44.97,44.99,44.95,0.0,0.0,0.0,0.0,1
876,6.383003269924369,co_deep_Bid,44.98,44.97,44.99,44.95,0.0,0.0,0.0,0.0,1
877,6.383041783242652,co_top_Bid,44.98,44.97,44.99,44.95,0.0,0.0,0.0,0.0,1
878,6.383049639468305,lo_top_Bid,44.98,44.97,44.99,44.95,0.0,0.0,0.0,0.0,1
879,6.383137770348863,lo_top_Bid,44.98,44.97,44.99,44.95,0.0,0.0,0.0,0.0,1
880,6.383281969585675,lo_top_Bid,44.98,44.97,44.99,44.95,0.0,0.0,0.0,0.0,1
881,6.383371650766493,lo_deep_Bid,44.98,44.97,44.99,44.95,0.0,0.0,0.0,0.0,1
882,6.383412384774831,lo_deep_Bid,44.98,44.97,44.99,44.95,0.0,0.0,0.0,0.0,1
883,6.38353234465963,co_deep_Bid,44.98,44.97,44.99,44.95,0.0,0.0,0.0,0.0,1
884,6.383534747453663,lo_deep_Bid,44.98,44.97,44.99,44.95,0.0,0.0,0.0,0.0,1
885,6.383535207429976,mo_Bid,44.98,44.97,44.99,44.95,0.0,0.0,0.0,0.0,1
886,6.383545346483618,lo_deep_Bid,44.98,44.97,44.99,44.95,0.0,0.0,0.0,0.0,1
887,6.383558546958837,lo_deep_Bid,44.98,44.97,44.99,44.95,0.0,0.0,0.0,0.0,1
888,6.383569282945773,mo_Bid,44.98,44.97,44.99,44.95,0.0,0.0,0.0,0.0,1
889,6.383619902260742,lo_deep_Bid,44.98,44.97,44.99,44.95,0.0,0.0,0.0,0.0,1
890,6.383773738280039,lo_deep_Bid,44.98,44.97,44.99,44.95,0.0,0.0,0.0,0.0,1
891,6.383895762627375,lo_deep_Bid,44.98,44.97,44.99,44.95,0.0,0.0,0.0,0.0,1
892,6.383990103245766,mo_Bid,44.98,44.97,44.99,44.95,0.0,0.0,0.0,0.0,1
893,6.384243557621524,lo_deep_Bid,44.98,44.97,44.99,44.95,0.0,0.0,0.0,0.0,1
894,6.384731413121045,lo_top_Bid,44.98,44.97,44.99,44.95,0.0,0.0,0.0,0.0,1
895,6.384917386996461,lo_top_Bid,44.98,44.97,44.99,44.95,0.0,0.0,0.0,0.0,1
896,6.385010029286392,lo_top_Bid,44.98,44.97,44.99,44.95,0.0,0.0,0.0,0.0,1
897,6.385039149027667,lo_top_Bid,44.98,44.97,44.99,44.95,0.0,0.0,0.0,0.0,1
898,6.385042021319928,mo_Ask,44.98,44.97,44.99,44.95,0.0,0.0,0.0,0.0,1
899,6.385077365449088,lo_top_Bid,44.98,44.97,44.99,44.95,0.0,0.0,0.0,0.0,1
900,6.385088174298217,lo_top_Bid,44.98,44.97,44.99,44.95,0.0,0.0,0.0,0.0,1
901,6.385096708723015,co_deep_Bid,44.98,44.97,44.99,44.95,0.0,0.0,0.0,0.0,1
902,6.385111119109825,co_deep_Bid,44.98,44.97,44.99,44.95,0.0,0.0,0.0,0.0,1
903,6.38512629438275,co_deep_Bid,44.98,44.97,44.99,44.95,0.0,0.0,0.0,0.0,1
904,6.385165709846687,lo_top_Bid,44.98,44.97,44.99,44.95,0.0,0.0,0.0,0.0,1
905,6.385177908191793,co_deep_Bid,44.98,44.97,44.99,44.95,0.0,0.0,0.0,0.0,1
906,6.385192109649298,lo_top_Bid,44.98,44.97,44.99,44.95,0.0,0.0,0.0,0.0,1
907,6.385192209649298,lo_deep_Bid,44.98,44.97,44.99,44.95,0.0,0.0,0.0,0.0,1
908,6.3854045618887705,lo_deep_Bid,44.98,44.97,44.99,44.95,0.0,0.0,0.0,0.0,1
909,6.38544473779049,lo_deep_Bid,44.98,44.97,44.99,44.95,0.0,0.0,0.0,0.0,1
910,6.3854698990867655,lo_deep_Bid,44.98,44.97,44.99,44.95,0.0,0.0,0.0,0.0,1
911,6.385535213447594,lo_deep_Bid,44.98,44.97,44.99,44.95,0.0,0.0,0.0,0.0,1
912,6.385674559103308,lo_top_Bid,44.98,44.97,44.99,44.95,0.0,0.0,0.0,0.0,1
913,6.385681661250437,lo_deep_Bid,44.98,44.97,44.99,44.95,0.0,0.0,0.0,0.0,1
914,6.3858185741407185,lo_top_Bid,44.98,44.97,44.99,44.95,0.0,0.0,0.0,0.0,1
915,6.38582980769066,lo_top_Bid,44.98,44.97,44.99,44.95,0.0,0.0,0.0,0.0,1
916,6.385833621351931,lo_top_Bid,44.98,44.97,44.99,44.95,0.0,0.0,0.0,0.0,1
917,6.385867074011075,lo_top_Bid,44.98,44.97,44.99,44.95,0.0,0.0,0.0,0.0,1
918,6.385874855656181,lo_top_Bid,44.98,44.97,44.99,44.95,0.0,0.0,0.0,0.0,1
919,6.386962335194808,lo_top_Bid,44.98,44.97,44.99,44.95,0.0,0.0,0.0,0.0,1
920,6.387004171247487,mo_Bid,44.98,44.97,44.99,44.95,0.0,0.0,0.0,0.0,1
921,6.387423709152537,lo_top_Bid,44.98,44.97,44.99,44.95,0.0,0.0,0.0,0.0,1
922,6.38760738118198,co_deep_Bid,44.98,44.97,44.99,44.95,0.0,0.0,0.0,0.0,1
923,6.387679820767602,co_deep_Bid,44.98,44.97,44.99,44.95,0.0,0.0,0.0,0.0,1
924,6.388997978135317,co_deep_Bid,44.98,44.97,44.99,44.95,0.0,0.0,0.0,0.0,1
925,6.3891920423945985,co_deep_Bid,44.98,44.97,44.99,44.95,0.0,0.0,0.0,0.0,1
926,6.389218541000265,co_deep_Bid,44.98,44.97,44.99,44.95,0.0,0.0,0.0,0.0,1
927,6.389300919859234,lo_deep_Bid,44.98,44.97,44.99,44.95,0.0,0.0,0.0,0.0,1
928,6.389301503329803,lo_deep_Bid,44.98,44.97,44.99,44.95,0.0,0.0,0.0,0.0,1
929,6.389335274106702,lo_deep_Bid,44.98,44.97,44.99,44.95,0.0,0.0,0.0,0.0,1
930,6.389348588221712,lo_deep_Bid,44.98,44.97,44.99,44.95,0.0,0.0,0.0,0.0,1
931,6.38939877533368,lo_deep_Bid,44.98,44.97,44.99,44.95,0.0,0.0,0.0,0.0,1
932,6.389605045636109,lo_deep_Bid,44.98,44.97,44.99,44.95,0.0,0.0,0.0,0.0,1
933,6.389663779145272,lo_top_Bid,44.98,44.97,44.99,44.95,0.0,0.0,0.0,0.0,1
934,6.3897015217233895,lo_top_Bid,44.98,44.97,44.99,44.95,0.0,0.0,0.0,0.0,1
935,6.389702907753938,lo_top_Bid,44.98,44.97,44.99,44.95,0.0,0.0,0.0,0.0,1
936,6.389837988477488,mo_Bid,44.98,44.97,44.99,44.95,0.0,0.0,0.0,0.0,1
937,6.390335319603103,lo_top_Bid,44.98,44.97,44.99,44.95,0.0,0.0,0.0,0.0,1
938,6.390551953806289,lo_top_Bid,44.98,44.97,44.99,44.95,0.0,0.0,0.0,0.0,1
939,6.390590712311477,lo_top_Bid,44.98,44.97,44.99,44.95,0.0,0.0,0.0,0.0,1
940,6.3906479747010545,lo_top_Bid,44.98,44.97,44.99,44.95,0.0,0.0,0.0,0.0,1
941,6.390671267046656,lo_top_Bid,44.98,44.97,44.99,44.95,0.0,0.0,0.0,0.0,1
942,6.390769850592695,lo_top_Bid,44.98,44.97,44.99,44.95,0.0,0.0,0.0,0.0,1
943,6.390815198297295,co_deep_Bid,44.98,44.97,44.99,44.95,0.0,0.0,0.0,0.0,1
944,6.390850887930111,co_deep_Bid,44.98,44.97,44.99,44.95,0.0,0.0,0.0,0.0,1
945,6.390862315460857,co_deep_Bid,44.98,44.97,44.99,44.95,0.0,0.0,0.0,0.0,1
946,6.3909323923383194,co_deep_Bid,44.98,44.97,44.99,44.95,0.0,0.0,0.0,0.0,1
947,6.390973210478124,lo_top_Bid,44.98,44.97,44.99,44.95,0.0,0.0,0.0,0.0,1
948,6.391006179120046,lo_top_Bid,44.98,44.97,44.99,44.95,0.0,0.0,0.0,0.0,1
949,6.391057044814565,lo_top_Bid,44.98,44.97,44.99,44.95,0.0,0.0,0.0,0.0,1
950,6.391060887350487,lo_top_Bid,44.98,44.97,44.99,44.95,0.0,0.0,0.0,0.0,1
951,6.391065156973008,lo_top_Bid,44.98,44.97,44.99,44.95,0.0,0.0,0.0,0.0,1
952,6.391080758178291,mo_Bid,44.98,44.97,44.99,44.95,0.0,0.0,0.0,0.0,1
953,6.391110377752591,lo_top_Bid,44.98,44.97,44.99,44.95,0.0,0.0,0.0,0.0,1
954,6.391125143648613,lo_deep_Bid,44.98,44.97,44.99,44.95,0.0,0.0,0.0,0.0,1
955,6.391144629076365,lo_deep_Bid,44.98,44.97,44.99,44.95,0.0,0.0,0.0,0.0,1
956,6.391238145597481,lo_deep_Bid,44.98,44.97,44.99,44.95,0.0,0.0,0.0,0.0,1
957,6.391276987589172,lo_top_Bid,44.98,44.97,44.99,44.95,0.0,0.0,0.0,0.0,1
958,6.391385729013069,mo_Bid,44.98,44.97,44.99,44.95,0.0,0.0,0.0,0.0,1
959,6.391502411843792,lo_deep_Bid,44.98,44.97,44.99,44.95,0.0,0.0,0.0,0.0,1
960,6.391533501775856,lo_deep_Bid,44.98,44.97,44.99,44.95,0.0,0.0,0.0,0.0,1
961,6.391579129129683,lo_deep_Bid,44.98,44.97,44.99,44.95,0.0,0.0,0.0,0.0,1
962,6.391631288517373,lo_deep_Bid,44.98,44.97,44.99,44.95,0.0,0.0,0.0,0.0,1
963,6.391645040158107,lo_deep_Bid,44.98,44.97,44.99,44.95,0.0,0.0,0.0,0.0,1
964,6.391732138768357,lo_deep_Bid,44.98,44.97,44.99,44.95,0.0,0.0,0.0,0.0,1
965,6.391786074813177,lo_deep_Bid,44.98,44.97,44.99,44.95,0.0,0.0,0.0,0.0,1
966,6.39186702219869,lo_deep_Bid,44.98,44.97,44.99,44.95,0.0,0.0,0.0,0.0,1
967,6.392117142937945,mo_Bid,44.98,44.97,44.99,44.95,0.0,0.0,0.0,0.0,1
968,6.3921245918307665,mo_Bid,44.98,44.97,44.99,44.95,0.0,0.0,0.0,0.0,1
969,6.392304333636701,lo_deep_Bid,44.98,44.97,44.99,44.95,0.0,0.0,0.0,0.0,1
970,6.3923285576627675,lo_top_Bid,44.98,44.97,44.99,44.95,0.0,0.0,0.0,0.0,1
971,6.392533513333646,lo_deep_Bid,44.98,44.97,44.99,44.95,0.0,0.0,0.0,0.0,1
972,6.393094205498676,lo_deep_Bid,44.98,44.97,44.99,44.95,0.0,0.0,0.0,0.0,1
973,6.393537371098143,lo_deep_Bid,44.98,44.97,44.99,44.95,0.0,0.0,0.0,0.0,1
974,6.395663038683407,lo_top_Bid,44.98,44.97,44.99,44.95,0.0,0.0,0.0,0.0,1
975,6.396443160685957,lo_top_Bid,44.98,44.97,44.99,44.95,0.0,0.0,0.0,0.0,1
976,6.396657546899746,mo_Bid,44.98,44.97,44.99,44.95,0.0,0.0,0.0,0.0,1
977,6.397982843907942,mo_Bid,44.98,44.97,44.99,44.95,0.0,0.0,0.0,0.0,1
978,6.398669973702297,lo_deep_Bid,44.98,44.97,44.99,44.95,0.0,0.0,0.0,0.0,1
979,6.3989375399243,lo_top_Bid,44.98,44.97,44.99,44.95,0.0,0.0,0.0,0.0,1
980,6.39902873809702,lo_deep_Bid,44.98,44.97,44.99,44.95,0.0,0.0,0.0,0.0,1
981,6.399077172780463,lo_deep_Bid,44.98,44.97,44.99,44.95,0.0,0.0,0.0,0.0,1
982,6.399084592058232,lo_deep_Bid,44.98,44.97,44.99,44.95,0.0,0.0,0.0,0.0,1
983,6.399126451280176,lo_top_Bid,44.98,44.97,44.99,44.95,0.0,0.0,0.0,0.0,1
984,6.399178073603489,lo_top_Bid,44.98,44.97,44.99,44.95,0.0,0.0,0.0,0.0,1
985,6.399317372751606,lo_top_Bid,44.98,44.97,44.99,44.95,0.0,0.0,0.0,0.0,1
986,6.399350372066043,lo_top_Bid,44.98,44.97,44.99,44.95,0.0,0.0,0.0,0.0,1
987,6.399533530370426,co_deep_Bid,44.98,44.97,44.99,44.95,0.0,0.0,0.0,0.0,1
988,6.399570855229457,mo_Bid,44.98,44.97,44.99,44.95,0.0,0.0,0.0,0.0,1
989,6.399699322201679,lo_deep_Bid,44.98,44.97,44.99,44.95,0.0,0.0,0.0,0.0,1
990,6.399699731778716,mo_Bid,44.98,44.97,44.99,44.95,0.0,0.0,0.0,0.0,1
991,6.399724528608946,lo_deep_Bid,44.98,44.97,44.99,44.95,0.0,0.0,0.0,0.0,1
992,6.399738835185858,co_top_Bid,44.98,44.97,44.99,44.95,0.0,0.0,0.0,0.0,1
993,6.399746192123321,co_top_Bid,44.98,44.97,44.99,44.95,0.0,0.0,0.0,0.0,1
994,6.400114053950164,co_top_Bid,44.98,44.97,44.99,44.95,0.0,0.0,0.0,0.0,1
995,6.400116464224761,co_top_Bid,44.98,44.97,44.99,44.95,0.0,0.0,0.0,0.0,1
996,6.400155126346856,co_deep_Bid,44.98,44.97,44.99,44.95,0.0,0.0,0.0,0.0,1
997,6.400217238484392,lo_deep_Bid,44.98,44.97,44.99,44.95,0.0,0.0,0.0,0.0,1
998,6.400220265303589,mo_Bid,44.98,44.97,44.99,44.95,0.0,0.0,0.0,0.0,1
999,6.400880411699291,lo_top_Bid,44.98,44.97,44.99,44.95,0.0,0.0,0.0,0.0,1
1000,6.400945465289512,co_deep_Bid,44.98,44.97,44.99,44.95,0.0,0.0,0.0,0.0,1
1001,6.400951070913021,lo_top_Bid,44.98,44.97,44.99,44.95,0.0,0.0,0.0,0.0,1
1002,6.400955215108927,co_deep_Bid,44.98,44.97,44.99,44.95,0.0,0.0,0.0,0.0,1
1003,6.400970190733064,co_deep_Bid,44.98,44.97,44.99,44.95,0.0,0.0,0.0,0.0,1
1004,6.400979834805273,co_deep_Bid,44.98,44.97,44.99,44.95,0.0,0.0,0.0,0.0,1
1005,6.401044089907266,lo_top_Bid,44.98,44.97,44.99,44.95,0.0,0.0,0.0,0.0,1
1006,6.40113706285947,lo_top_Bid,44.98,44.97,44.99,44.95,0.0,0.0,0.0,0.0,1
1007,6.401146883299191,lo_top_Bid,44.98,44.97,44.99,44.95,0.0,0.0,0.0,0.0,1
1008,6.401215067588475,lo_top_Bid,44.98,44.97,44.99,44.95,0.0,0.0,0.0,0.0,1
1009,6.401282366097502,lo_top_Bid,44.98,44.97,44.99,44.95,0.0,0.0,0.0,0.0,1
1010,6.401317373622958,co_deep_Bid,44.98,44.97,44.99,44.95,0.0,0.0,0.0,0.0,1
1011,6.401317985843379,lo_deep_Bid,44.98,44.97,44.99,44.95,0.0,0.0,0.0,0.0,1
1012,6.401335242243254,lo_deep_Bid,44.98,44.97,44.99,44.95,0.0,0.0,0.0,0.0,1
1013,6.401531210700692,co_deep_Bid,44.98,44.97,44.99,44.95,0.0,0.0,0.0,0.0,1
1014,6.401532975868814,lo_top_Bid,44.98,44.97,44.99,44.95,0.0,0.0,0.0,0.0,1
1015,6.401542295681027,lo_top_Bid,44.98,44.97,44.99,44.95,0.0,0.0,0.0,0.0,1
1016,6.401554706784094,lo_top_Bid,44.98,44.97,44.99,44.95,0.0,0.0,0.0,0.0,1
1017,6.401595685720875,lo_top_Bid,44.98,44.97,44.99,44.95,0.0,0.0,0.0,0.0,1
1018,6.401659986709655,co_deep_Bid,44.98,44.97,44.99,44.95,0.0,0.0,0.0,0.0,1
1019,6.401700866746928,lo_top_Bid,44.98,44.97,44.99,44.95,0.0,0.0,0.0,0.0,1
1020,6.401737824611143,mo_Bid,44.98,44.97,44.99,44.95,0.0,0.0,0.0,0.0,1
1021,6.401746726159643,lo_top_Bid,44.98,44.97,44.99,44.95,0.0,0.0,0.0,0.0,1
1022,6.4017684384668225,lo_deep_Bid,44.98,44.97,44.99,44.95,0.0,0.0,0.0,0.0,1
1023,6.4017832038922595,lo_top_Bid,44.98,44.97,44.99,44.95,0.0,0.0,0.0,0.0,1
1024,6.401867546997411,lo_deep_Bid,44.98,44.97,44.99,44.95,0.0,0.0,0.0,0.0,1
1025,6.401965506853355,lo_top_Bid,44.98,44.97,44.99,44.95,0.0,0.0,0.0,0.0,1
1026,6.4019704261340165,co_deep_Bid,44.98,44.97,44.99,44.95,0.0,0.0,0.0,0.0,1
1027,6.402068894729979,lo_deep_Bid,44.98,44.97,44.99,44.95,0.0,0.0,0.0,0.0,1
1028,6.402096673505017,lo_top_Bid,44.98,44.97,44.99,44.95,0.0,0.0,0.0,0.0,1
1029,6.402104882329386,lo_top_Bid,44.98,44.97,44.99,44.95,0.0,0.0,0.0,0.0,1
1030,6.402140152289888,co_deep_Bid,44.98,44.97,44.99,44.95,0.0,0.0,0.0,0.0,1
1031,6.402150364687957,co_deep_Bid,44.98,44.97,44.99,44.95,0.0,0.0,0.0,0.0,1
1032,6.402152873326948,co_deep_Bid,44.98,44.97,44.99,44.95,0.0,0.0,0.0,0.0,1
1033,6.4021795693812855,lo_deep_Bid,44.98,44.97,44.99,44.95,0.0,0.0,0.0,0.0,1
1034,6.4021970333494735,lo_deep_Bid,44.98,44.97,44.99,44.95,0.0,0.0,0.0,0.0,1
1035,6.402231697214056,lo_deep_Bid,44.98,44.97,44.99,44.95,0.0,0.0,0.0,0.0,1
1036,6.4024978170646,lo_top_Bid,44.98,44.97,44.99,44.95,0.0,0.0,0.0,0.0,1
1037,6.4025057253298305,lo_deep_Bid,44.98,44.97,44.99,44.95,0.0,0.0,0.0,0.0,1
1038,6.402595332769636,mo_Bid,44.98,44.97,44.99,44.95,0.0,0.0,0.0,0.0,1
1039,6.4025958330160195,co_top_Bid,44.98,44.97,44.99,44.95,0.0,0.0,0.0,0.0,1
1040,6.402700930223916,co_deep_Bid,44.98,44.97,44.99,44.95,0.0,0.0,0.0,0.0,1
1041,6.402763147413647,lo_deep_Bid,44.98,44.97,44.99,44.95,0.0,0.0,0.0,0.0,1
1042,6.402775044166672,lo_deep_Bid,44.98,44.97,44.99,44.95,0.0,0.0,0.0,0.0,1
1043,6.402825045987386,lo_deep_Bid,44.98,44.97,44.99,44.95,0.0,0.0,0.0,0.0,1
1044,6.4028678611838075,lo_deep_Bid,44.98,44.97,44.99,44.95,0.0,0.0,0.0,0.0,1
1045,6.402875220975277,lo_deep_Bid,44.98,44.97,44.99,44.95,0.0,0.0,0.0,0.0,1
1046,6.40288669705677,lo_deep_Bid,44.98,44.97,44.99,44.95,0.0,0.0,0.0,0.0,1
1047,6.40290847915196,lo_top_Bid,44.98,44.97,44.99,44.95,0.0,0.0,0.0,0.0,1
1048,6.402918831803226,lo_deep_Bid,44.98,44.97,44.99,44.95,0.0,0.0,0.0,0.0,1
1049,6.402927720867315,lo_deep_Bid,44.98,44.97,44.99,44.95,0.0,0.0,0.0,0.0,1
1050,6.402949891327345,lo_deep_Bid,44.98,44.97,44.99,44.95,0.0,0.0,0.0,0.0,1
1051,6.402963786903561,lo_deep_Bid,44.98,44.97,44.99,44.95,0.0,0.0,0.0,0.0,1
1052,6.402992643358602,lo_deep_Bid,44.98,44.97,44.99,44.95,0.0,0.0,0.0,0.0,1
1053,6.403011409305462,co_top_Ask,44.98,44.97,44.99,44.95,0.0,0.0,0.0,0.0,1
1054,6.403052731944436,co_top_Ask,44.98,44.97,44.99,44.95,0.0,0.0,0.0,0.0,1
1055,6.4030535536785536,lo_deep_Bid,44.98,44.97,44.99,44.95,0.0,0.0,0.0,0.0,1
1056,6.403059307595482,co_top_Ask,44.98,44.97,44.99,44.95,0.0,0.0,0.0,0.0,1
1057,6.403079313137269,mo_Bid,44.98,44.97,44.99,44.95,0.0,0.0,0.0,0.0,1
1058,6.403097930195387,co_top_Ask,44.98,44.97,44.99,44.95,0.0,0.0,0.0,0.0,1
1059,6.40312167497557,co_top_Ask,44.98,44.97,44.99,44.95,0.0,0.0,0.0,0.0,1
1060,6.403152658882093,mo_Bid,44.98,44.97,44.99,44.95,0.0,0.0,0.0,0.0,1
1061,6.403185419410421,co_top_Ask,44.98,44.97,44.99,44.95,0.0,0.0,0.0,0.0,1
1062,6.4032174422420844,co_top_Ask,44.98,44.97,44.99,44.95,0.0,0.0,0.0,0.0,1
1063,6.403339786959221,lo_deep_Bid,44.98,44.97,44.99,44.95,0.0,0.0,0.0,0.0,1
1064,6.403367545040045,co_top_Bid,44.98,44.97,44.99,44.95,0.0,0.0,0.0,0.0,1
1065,6.403375539280287,lo_deep_Bid,44.98,44.97,44.99,44.95,0.0,0.0,0.0,0.0,1
1066,6.403418666213912,co_top_Bid,44.98,44.97,44.99,44.95,0.0,0.0,0.0,0.0,1
1067,6.40342927187095,co_top_Bid,44.98,44.97,44.99,44.95,0.0,0.0,0.0,0.0,1
1068,6.403517058055441,lo_deep_Bid,44.98,44.97,44.99,44.95,0.0,0.0,0.0,0.0,1
1069,6.403521205439582,mo_Ask,44.98,44.97,44.99,44.95,0.0,0.0,0.0,0.0,1
1070,6.403650452407561,lo_deep_Bid,44.98,44.97,44.99,44.95,0.0,0.0,0.0,0.0,1
1071,6.403662805213991,mo_Bid,44.98,44.97,44.99,44.95,0.0,0.0,0.0,0.0,1
1072,6.403743380046261,mo_Ask,44.98,44.97,44.99,44.95,0.0,0.0,0.0,0.0,1
1073,6.403751523307364,lo_top_Bid,44.98,44.97,44.99,44.95,0.0,0.0,0.0,0.0,1
1074,6.403766185543361,lo_top_Bid,44.98,44.97,44.99,44.95,0.0,0.0,0.0,0.0,1
1075,6.403783277364434,mo_Ask,44.98,44.97,44.99,44.95,0.0,0.0,0.0,0.0,1
1076,6.403785432901791,lo_top_Bid,44.98,44.97,44.99,44.95,0.0,0.0,0.0,0.0,1
1077,6.403851654342029,lo_top_Bid,44.98,44.97,44.99,44.95,0.0,0.0,0.0,0.0,1
1078,6.403908301949415,lo_top_Bid,44.98,44.97,44.99,44.95,0.0,0.0,0.0,0.0,1
1079,6.403915656159811,co_deep_Bid,44.98,44.97,44.99,44.95,0.0,0.0,0.0,0.0,1
1080,6.403932129432929,mo_Ask,44.98,44.97,44.99,44.95,0.0,0.0,0.0,0.0,1
1081,6.403951617891357,lo_top_Bid,44.98,44.97,44.99,44.95,0.0,0.0,0.0,0.0,1
1082,6.403968746473346,co_deep_Bid,44.98,44.97,44.99,44.95,0.0,0.0,0.0,0.0,1
1083,6.4044119326659725,co_deep_Bid,44.98,44.97,44.99,44.95,0.0,0.0,0.0,0.0,1
1084,6.404531401977456,lo_top_Bid,44.98,44.97,44.99,44.95,0.0,0.0,0.0,0.0,1
1085,6.404774056555074,lo_top_Bid,44.98,44.97,44.99,44.95,0.0,0.0,0.0,0.0,1
1086,6.404941592977911,lo_top_Bid,44.98,44.97,44.99,44.95,0.0,0.0,0.0,0.0,1
1087,6.4049867752392,lo_top_Bid,44.98,44.97,44.99,44.95,0.0,0.0,0.0,0.0,1
1088,6.4050609302575845,lo_top_Bid,44.98,44.97,44.99,44.95,0.0,0.0,0.0,0.0,1
1089,6.405113632003695,mo_Ask,44.98,44.97,44.99,44.95,0.0,0.0,0.0,0.0,1
1090,6.405130050105595,co_deep_Bid,44.98,44.97,44.99,44.95,0.0,0.0,0.0,0.0,1
1091,6.405132404942541,lo_top_Bid,44.98,44.97,44.99,44.95,0.0,0.0,0.0,0.0,1
1092,6.405155803934234,co_deep_Bid,44.98,44.97,44.99,44.95,0.0,0.0,0.0,0.0,1
1093,6.405161995729828,lo_top_Bid,44.98,44.97,44.99,44.95,0.0,0.0,0.0,0.0,1
1094,6.405167649218047,mo_Bid,44.98,44.97,44.99,44.95,0.0,0.0,0.0,0.0,1
1095,6.405169739837182,lo_top_Bid,44.98,44.97,44.99,44.95,0.0,0.0,0.0,0.0,1
1096,6.405178639046219,lo_top_Bid,44.98,44.97,44.99,44.95,0.0,0.0,0.0,0.0,1
1097,6.405193326553346,co_deep_Bid,44.98,44.97,44.99,44.95,0.0,0.0,0.0,0.0,1
1098,6.405246530179675,lo_deep_Bid,44.98,44.97,44.99,44.95,0.0,0.0,0.0,0.0,1
1099,6.405295135096992,lo_top_Bid,44.98,44.97,44.99,44.95,0.0,0.0,0.0,0.0,1
1100,6.405334545058519,lo_deep_Bid,44.98,44.97,44.99,44.95,0.0,0.0,0.0,0.0,1
1101,6.405414413651515,lo_deep_Bid,44.98,44.97,44.99,44.95,0.0,0.0,0.0,0.0,1
1102,6.4054493961888115,lo_deep_Bid,44.98,44.97,44.99,44.95,0.0,0.0,0.0,0.0,1
1103,6.405512371275747,lo_deep_Bid,44.98,44.97,44.99,44.95,0.0,0.0,0.0,0.0,1
1104,6.405581352475194,lo_top_Bid,44.98,44.97,44.99,44.95,0.0,0.0,0.0,0.0,1
1105,6.405615280855971,mo_Bid,44.98,44.97,44.99,44.95,0.0,0.0,0.0,0.0,1
1106,6.405646732595174,mo_Ask,44.98,44.97,44.99,44.95,0.0,0.0,0.0,0.0,1
1107,6.4058915865338175,lo_deep_Bid,44.98,44.97,44.99,44.95,0.0,0.0,0.0,0.0,1
1108,6.405925186648979,lo_deep_Bid,44.98,44.97,44.99,44.95,0.0,0.0,0.0,0.0,1
1109,6.405939248514239,lo_top_Bid,44.98,44.97,44.99,44.95,0.0,0.0,0.0,0.0,1
1110,6.405951875899085,lo_top_Bid,44.98,44.97,44.99,44.95,0.0,0.0,0.0,0.0,1
1111,6.405953478184494,mo_Bid,44.98,44.97,44.99,44.95,0.0,0.0,0.0,0.0,1
1112,6.406006403574837,lo_top_Bid,44.98,44.97,44.99,44.95,0.0,0.0,0.0,0.0,1
1113,6.406029507678426,lo_top_Bid,44.98,44.97,44.99,44.95,0.0,0.0,0.0,0.0,1
1114,6.406035727945083,co_deep_Bid,44.98,44.97,44.99,44.95,0.0,0.0,0.0,0.0,1
1115,6.406038909609661,co_deep_Bid,44.98,44.97,44.99,44.95,0.0,0.0,0.0,0.0,1
1116,6.406086953111836,lo_deep_Bid,44.98,44.97,44.99,44.95,0.0,0.0,0.0,0.0,1
1117,6.406218484068288,co_deep_Bid,44.98,44.97,44.99,44.95,0.0,0.0,0.0,0.0,1
1118,6.406239793249377,co_deep_Bid,44.98,44.97,44.99,44.95,0.0,0.0,0.0,0.0,1
1119,6.406254854921291,lo_deep_Bid,44.98,44.97,44.99,44.95,0.0,0.0,0.0,0.0,1
1120,6.4062695212290945,lo_top_Bid,44.98,44.97,44.99,44.95,0.0,0.0,0.0,0.0,1
1121,6.406297131456417,co_deep_Bid,44.98,44.97,44.99,44.95,0.0,0.0,0.0,0.0,1
1122,6.406303046552381,lo_top_Bid,44.98,44.97,44.99,44.95,0.0,0.0,0.0,0.0,1
1123,6.406324151441445,lo_deep_Bid,44.98,44.97,44.99,44.95,0.0,0.0,0.0,0.0,1
1124,6.406327878836926,lo_top_Bid,44.98,44.97,44.99,44.95,0.0,0.0,0.0,0.0,1
1125,6.40632887577422,lo_top_Bid,44.98,44.97,44.99,44.95,0.0,0.0,0.0,0.0,1
1126,6.406434708809268,lo_deep_Bid,44.98,44.97,44.99,44.95,0.0,0.0,0.0,0.0,1
1127,6.406435010751044,lo_deep_Bid,44.98,44.97,44.99,44.95,0.0,0.0,0.0,0.0,1
1128,6.406435589757069,lo_deep_Bid,44.98,44.97,44.99,44.95,0.0,0.0,0.0,0.0,1
1129,6.406475739818976,lo_top_Bid,44.98,44.97,44.99,44.95,0.0,0.0,0.0,0.0,1
1130,6.406606902673964,lo_deep_Bid,44.98,44.97,44.99,44.95,0.0,0.0,0.0,0.0,1
1131,6.406780788213502,lo_deep_Bid,44.98,44.97,44.99,44.95,0.0,0.0,0.0,0.0,1
1132,6.40682276168913,lo_deep_Bid,44.98,44.97,44.99,44.95,0.0,0.0,0.0,0.0,1
1133,6.40696500196307,lo_deep_Bid,44.98,44.97,44.99,44.95,0.0,0.0,0.0,0.0,1
1134,6.407043897418814,lo_deep_Bid,44.98,44.97,44.99,44.95,0.0,0.0,0.0,0.0,1
1135,6.407090587801836,lo_deep_Bid,44.98,44.97,44.99,44.95,0.0,0.0,0.0,0.0,1
1136,6.407366384916373,lo_top_Bid,44.98,44.97,44.99,44.95,0.0,0.0,0.0,0.0,1
1137,6.4081971047247555,lo_top_Bid,44.98,44.97,44.99,44.95,0.0,0.0,0.0,0.0,1
1138,6.4081999161605125,co_deep_Bid,44.98,44.97,44.99,44.95,0.0,0.0,0.0,0.0,1
1139,6.408266499340548,lo_top_Bid,44.98,44.97,44.99,44.95,0.0,0.0,0.0,0.0,1
1140,6.408291419466422,lo_top_Bid,44.98,44.97,44.99,44.95,0.0,0.0,0.0,0.0,1
1141,6.410425067504856,lo_top_Bid,44.98,44.97,44.99,44.95,0.0,0.0,0.0,0.0,1
1142,6.4113769167140715,lo_deep_Bid,44.98,44.97,44.99,44.95,0.0,0.0,0.0,0.0,1
1143,6.415529464740342,mo_Ask,44.98,44.97,44.99,44.95,0.0,0.0,0.0,0.0,1
1144,6.4186223475918105,lo_deep_Bid,44.98,44.97,44.99,44.95,0.0,0.0,0.0,0.0,1
1145,6.420588662141846,co_deep_Bid,44.98,44.97,44.99,44.95,0.0,0.0,0.0,0.0,1
1146,6.420644925154845,lo_deep_Bid,44.98,44.97,44.99,44.95,0.0,0.0,0.0,0.0,1
1147,6.420695106715624,lo_deep_Bid,44.98,44.97,44.99,44.95,0.0,0.0,0.0,0.0,1
1148,6.420705040148352,mo_Ask,44.98,44.97,44.99,44.95,0.0,0.0,0.0,0.0,1
1149,6.421228055785453,lo_deep_Bid,44.98,44.97,44.99,44.95,0.0,0.0,0.0,0.0,1
1150,6.464137536938852,co_deep_Bid,44.98,44.97,44.99,44.95,0.0,0.0,0.0,0.0,1
1151,6.473326831494802,lo_deep_Bid,44.98,44.97,44.99,44.95,0.0,0.0,0.0,0.0,1
1152,6.473371139469935,lo_deep_Bid,44.98,44.97,44.99,44.95,0.0,0.0,0.0,0.0,1
1153,6.475208091306385,lo_deep_Bid,44.98,44.97,44.99,44.95,0.0,0.0,0.0,0.0,1
1154,6.475270306448194,lo_deep_Bid,44.98,44.97,44.99,44.95,0.0,0.0,0.0,0.0,1
1155,6.475278240413112,lo_deep_Bid,44.98,44.97,44.99,44.95,0.0,0.0,0.0,0.0,1
1156,6.513182232779861,lo_deep_Bid,44.98,44.97,44.99,44.95,0.0,0.0,0.0,0.0,1
1157,6.581610574476343,lo_top_Bid,44.98,44.97,44.99,44.95,0.0,0.0,0.0,0.0,1
1158,6.581945547418309,lo_deep_Bid,44.98,44.97,44.99,44.95,0.0,0.0,0.0,0.0,1
1159,6.590795293456564,lo_top_Bid,44.98,44.97,44.99,44.95,0.0,0.0,0.0,0.0,1
1160,6.590818616180644,lo_top_Bid,44.98,44.97,44.99,44.95,0.0,0.0,0.0,0.0,1
1161,6.590903315007488,lo_top_Bid,44.98,44.97,44.99,44.95,0.0,0.0,0.0,0.0,1
1162,6.590910188097253,lo_top_Bid,44.98,44.97,44.99,44.95,0.0,0.0,0.0,0.0,1
1163,6.591078573201708,lo_top_Bid,44.98,44.97,44.99,44.95,0.0,0.0,0.0,0.0,1
1164,6.591105402771812,co_deep_Bid,44.98,44.97,44.99,44.95,0.0,0.0,0.0,0.0,1
1165,6.5911145994095435,lo_top_Bid,44.98,44.97,44.99,44.95,0.0,0.0,0.0,0.0,1
1166,6.591140455306178,lo_top_Bid,44.98,44.97,44.99,44.95,0.0,0.0,0.0,0.0,1
1167,6.591178273438495,co_deep_Bid,44.98,44.97,44.99,44.95,0.0,0.0,0.0,0.0,1
1168,6.5912180379230305,mo_Bid,44.98,44.97,44.99,44.95,0.0,0.0,0.0,0.0,1
1169,6.5913401569052175,co_deep_Bid,44.98,44.97,44.99,44.95,0.0,0.0,0.0,0.0,1
1170,6.591364096313876,mo_Bid,44.98,44.97,44.99,44.95,0.0,0.0,0.0,0.0,1
1171,6.591380060240676,lo_top_Bid,44.98,44.97,44.99,44.95,0.0,0.0,0.0,0.0,1
1172,6.591415624816831,lo_top_Bid,44.98,44.97,44.99,44.95,0.0,0.0,0.0,0.0,1
1173,6.591647015958065,mo_Bid,44.98,44.97,44.99,44.95,0.0,0.0,0.0,0.0,1
1174,6.591650275690127,lo_top_Bid,44.98,44.97,44.99,44.95,0.0,0.0,0.0,0.0,1
1175,6.59237917809493,mo_Bid,44.98,44.97,44.99,44.95,0.0,0.0,0.0,0.0,1
1176,6.593661694563812,co_deep_Bid,44.98,44.97,44.99,44.95,0.0,0.0,0.0,0.0,1
1177,6.627816385447264,lo_deep_Bid,44.98,44.97,44.99,44.95,0.0,0.0,0.0,0.0,1
1178,6.628024163872966,lo_deep_Bid,44.98,44.97,44.99,44.95,0.0,0.0,0.0,0.0,1
1179,6.6543379262861855,lo_top_Bid,44.98,44.97,44.99,44.95,0.0,0.0,0.0,0.0,1
1180,6.792608914726658,mo_Bid,44.98,44.97,44.99,44.95,0.0,0.0,0.0,0.0,1
1181,7.2786003282250835,co_deep_Bid,44.98,44.97,44.99,44.95,0.0,0.0,0.0,0.0,1
1182,7.279020861647836,co_deep_Bid,44.98,44.97,44.99,44.95,0.0,0.0,0.0,0.0,1
1183,7.279050159697704,lo_top_Bid,44.98,44.97,44.99,44.95,0.0,0.0,0.0,0.0,1
1184,7.2794558590147105,co_deep_Bid,44.98,44.97,44.99,44.95,0.0,0.0,0.0,0.0,1
1185,7.27979131458344,co_deep_Bid,44.98,44.97,44.99,44.95,0.0,0.0,0.0,0.0,1
1186,7.279886079665922,lo_top_Bid,44.98,44.97,44.99,44.95,0.0,0.0,0.0,0.0,1
1187,7.282089687228558,lo_deep_Bid,44.98,44.97,44.99,44.95,0.0,0.0,0.0,0.0,1
1188,7.65650635490411,lo_deep_Bid,44.98,44.97,44.99,44.95,0.0,0.0,0.0,0.0,1
1189,8.122338805189159,lo_deep_Bid,44.98,44.97,44.99,44.95,0.0,0.0,0.0,0.0,1
1190,8.123392163407194,lo_deep_Bid,44.98,44.97,44.99,44.95,0.0,0.0,0.0,0.0,1
1191,8.123966737856659,lo_deep_Bid,44.98,44.97,44.99,44.95,0.0,0.0,0.0,0.0,1
1192,10.576766517604735,co_deep_Bid,44.98,44.97,44.99,44.95,0.0,0.0,0.0,0.0,1
